@article{provost13,
  title={Data science and its relationship to big data and data-driven decision making},
  author={Provost, Foster and Fawcett, Tom},
  journal={Big Data},
  volume={1},
  number={1},
  pages={51--59},
  year={2013},
  publisher={Mary Ann Liebert, Inc. 140 Huguenot Street, 3rd Floor New Rochelle, NY 10801 USA}
}

@inproceedings{tang15,
  title={Document modeling with gated recurrent neural network for sentiment classification},
  author={Tang, Duyu and Qin, Bing and Liu, Ting},
  booktitle={Proceedings of the 2015 conference on empirical methods in natural language processing},
  pages={1422--1432},
  year={2015}
}

@article{Boussalis2016,
	title={Text-mining the signals of climate change doubt},
	author={Boussalis, Constantine and Coan,Travis G.},
	journal={Global Environmental Change},
	volume={36},
	pages={89--100},
	year={2016},
	publisher={Elsevier}
}

@article{Gohdes2017,
	title={Canaries in a coal-mine? What the killings of journalists tell us about future repression},
	author={Gohdes, Anita R. and Carey, Sabine C.},
	journal={Journal of Peace Research},
	volume={54},
  	number={2},
	pages={157--174},
	year={2017},
	publisher={Sage}
}

@article{Baerg2016,
	title={Explaining Instability in the Stability and Growth Pact: The Contribution of Member State Power and Euroskepticism to the Euro Crisis},
	author={Baerg, Nicole Rae and Hallerberg, Mark},
	journal={Comparative Political Studies},
	volume={49},
	number={7},
	pages={968--1009},
	year={2016},
	publisher={Sage}
}

@article{Bischof2018,
	title={ Simple politics for the people? Complexity in campaign messages and political knowledge},
	author={Bischof, Daniel and Senninger, Roman},
	journal={European Journal of Political Research},
	volume={47},
	number={2},
	pages={473--495},
	year={2018},
  publisher={Wiley Online Library}
}

@article{Greene2016,
	title={ Leadership competition and disagreement at party national congresses},
	author={Greene, Zachary and Haber, Matthias},
	journal={British Journal of Political Science},
	volume={46},
	number={3},
	pages={611--632},
	year={2016},
	publisher={Cambridge University Press}
}

@article{vanderVelden2017,
	title={  Living in the Past or Living in the Future? Analyzing Parties’ Platform Change In Between Elections, The Netherlands 1997–2014},
	author={{Van der Velden}, Mariken A. C. G. and Schumacher, Gijs and Vis, Barbara},
	journal={Political Communication},
	volume={Forthcoming},
	pages={1--20},
	year={2017},
	publisher={Taylor \& Francis}
}

@unpublished{Baerg2015,
	address = {Working paper},
	author = {Baerg, Nicole Rae, and Krainin, Colin},
	institution = {University of Essex},
	pages = {1--30},
	title = {{Committees and Distortionary Vagueness}},
	year = {2015}
}

@unpublished{Barbera2018,
	address = {Working paper},
	author = {Barber{\'a}, Pablo, and Gohdes, Anita R., and Zeitzoff, Thomas and Iakhnis, Evgeniia},
	pages = {1--32},
	title = {{From riot police to tweets: How world leaders use social media during contentious politics}},
	year = {2018}
}

@article{Cardie2008,
	author = {Cardie, Claire  and  Wilkerson, John},
	title = {Text Annotation for Political Science Research},
	journal = {Journal of Information Technology \& Politics},
	volume = {5},
	number = {1},
	pages = {1-6},
	year  = {2008},
	publisher = {Routledge},
}

@article{Monroe2008,
	author = {Monroe, Burt L.  and  Schrodt, Philip A.},
	title = {Introduction to the special issue: The statistical analysis of political text},
	journal = {Political Analysis},
	volume = {16},
	number = {4},
	pages = {351--355},
	year  = {2008},
	publisher = {Oxford University Press},
}

@article{Fernandez-Gavilanes2016,
	author = {Fern{\ 'a}ndez-Gavilanes, Milagros  and  {\'A}lvarez-L{\'o}pez, Tamara and Juncal-Mart{\'i}nez, Jonathan and Costa-Montenegro, Enrique and Gonz{\'a}lez-Casta{\~n}o, Francisco Javier},
	title = {Unsupervised method for sentiment analysis in online texts},
	journal = {Expert Systems with Applications},
	volume = {58},
	pages = {57--75},
	year  = {2016},
	publisher = {Elsevier},
}

@article{Benoit2008,
	author = {Benoit, Kenneth and Laver, Michael},
	title = {Compared to what? A comment on ``A robust transformation procedure for interpreting political text'' by Martin and Vanberg},
	journal = {Political Analysis},
	volume = {16},
	number = {1},
	pages = {101--111},
	year  = {2008},
	publisher = {Oxford University Press},
}

@article{Martin2008,
	author = {Martin, Lanny and Vanberg, George},
	title = {A robust transformation procedure for interpreting political text},
	journal = {Political Analysis},
	volume = {16},
	number = {1},
	pages = {93--100},
	year  = {2008},
	publisher = {Oxford University Press},
}

@article{Proksch2010,
	author = {Proksch, Sven-Oliver and Slapin, Jonathan B.},
	title = {Position taking in European Parliament speeches},
	journal = {British Journal of Political Science},
	volume = {40},
	number = {3},
	pages = {587--611},
	year  = {2010},
	publisher={Cambridge University Press}
}

@inproceedings{Greene2016b,
	title={The nuts and bolts of automated text analysis. Comparing different document pre-processing techniques in four countries},
	author={Greene, Zachary and Ceron, Andrea and Fazekas, Zoltan and Schumacher, Gijs},
	booktitle={Open Science Framework},
	pages={1--23},
	year={2016}
}

@book{Alvarez2016,
	title={Computational Social Science},
	author={Alvarez, Michael R.},
	year={2016},
	publisher={Cambridge University Press}
}


@article{wilkerson15,
  title={Tracing the flow of policy ideas in legislatures: A text reuse approach},
  author={Wilkerson, John and Smith, David and Stramp, Nicholas},
  journal={American Journal of Political Science},
  volume={59},
  number={4},
  pages={943--956},
  year={2015},
  publisher={Wiley Online Library}
}

@article{laver03,
  title={Extracting policy positions from political texts using words as data},
  author={Laver, Michael and Benoit, Kenneth and Garry, John},
  journal={American Political Science Review},
  volume={97},
  number={2},
  pages={311--331},
  year={2003},
  publisher={Cambridge University Press}
}


@Manual{rcorenlp,
    title = {{coreNLP}: Wrappers Around {Stanford CoreNLP} Tools},
    author = {Taylor Arnold and Lauren Tilton},
    year = {2016},
    note = {R package version 0.4-2},
    url = {https://CRAN.R-project.org/package=coreNLP},
  }
  
  
 @article{taghva01,
  title={OCRSpell: an interactive spelling correction system for OCR errors in text},
  author={Taghva, Kazem and Stofsky, Eric},
  journal={International Journal on Document Analysis and Recognition},
  volume={3},
  number={3},
  pages={125--137},
  year={2001},
  publisher={Springer}
}

  

@article{welbers18_tvc,
  title={Scrapers, API's en data-archieven: Technieken voor het verzamelen van digitale nieuwscontent.},
  author={Welbers, Kasper and Opgenhaffen, Micha{\"e}l and Janssens, Marie-Christine},
  journal={Tijdschrift voor Communicatiewetenschap},
  volume={46},
  number={1},
  year={2018}
}


@article{bruns12,
  title={Tools and methods for capturing Twitter data during natural disasters},
  author={Bruns, Axel and Liang, Yuxian Eugene},
  journal={First Monday},
  volume={17},
  number={4},
  year={2012}
}


@article{bechmann15,
  title={Studying Facebook and Instagram data: The Digital Footprints software},
  author={Bechmann, Anja and Vahlstrup, Peter Bjerregaard},
  journal={First Monday},
  volume={20},
  number={12},
  year={2015}
}


@article{bruns11,
  title={Mapping the Australian networked public sphere},
  author={Bruns, Axel and Burgess, Jean and Highfield, Tim and Kirchhoff, Lars and Nicolai, Thomas},
  journal={Social Science Computer Review},
  volume={29},
  number={3},
  pages={277--287},
  year={2011},
  publisher={Sage Publications Sage CA: Los Angeles, CA}
}


@article{rauh18,
  title={The opposition deficit in EU accountability: Evidence from over 20 years of plenary debate in four member states},
  author={Rauh, Christian and De Wilde, Pieter},
  journal={European Journal of Political Research},
  volume={57},
  number={1},
  pages={194--216},
  year={2018},
  publisher={Wiley Online Library}
}


@Manual{boilerpiper,
    title = {{boilerpipeR}: Interface to the {Boilerpipe} Java Library},
    author = {See AUTHORS file.},
    year = {2015},
    note = {R package version 1.3},
    url = {https://CRAN.R-project.org/package=boilerpipeR},
  }

@article{kirkland11,
  title={The relational determinants of legislative outcomes: Strong and weak ties between legislators},
  author={Kirkland, Justin H},
  journal={The Journal of Politics},
  volume={73},
  number={3},
  pages={887--898},
  year={2011},
  publisher={Cambridge University Press New York, USA}
}


@inproceedings{adamic05,
  title={The political blogosphere and the 2004 US election: divided they blog},
  author={Adamic, Lada A and Glance, Natalie},
  booktitle={Proceedings of the 3rd international workshop on Link discovery},
  pages={36--43},
  year={2005},
  organization={ACM}
}


@Manual{r,
    title = {R: A Language and Environment for Statistical Computing},
    author = {{R Core Team}},
    organization = {R Foundation for Statistical Computing},
    address = {Vienna, Austria},
    year = {2017},
    url = {https://www.R-project.org/},
  }

@Manual{stringi,
    title = {R package stringi: Character string processing facilities},
    author = {Marek Gagolewski},
    year = {2017},
    url = {http://www.gagolewski.com/software/stringi/},
}

@Manual{stringr,
    title = {stringr: Simple, Consistent Wrappers for Common String Operations},
    author = {Hadley Wickham},
    year = {2017},
    url = {https://CRAN.R-project.org/package=stringr},
  }

@Manual{readtext,
    title = {readtext: Import and Handling for Plain and Formatted Text Files},
    author = {Kenneth Benoit and Adam Obeng},
    year = {2017},
    url = {https://CRAN.R-project.org/package=readtext},
  }

@Manual{pdftools,
    title = {pdftools: Text Extraction, Rendering and Converting of PDF Documents},
    author = {Jeroen Ooms},
    year = {2017},
    url = {https://CRAN.R-project.org/package=pdftools},
  }

@Manual{antiword,
    title = {antiword: Extract Text from Microsoft Word Documents},
    author = {Jeroen Ooms},
    year = {2017},
    url = {https://CRAN.R-project.org/package=antiword},
  }

@Manual{jsonlite,
  title = {The jsonlite Package: A Practical and Consistent Mapping Between JSON Data and R Objects},
    author = {Jeroen Ooms},
    journal = {arXiv:1403.2805 [stat.CO]},
    year = {2014},
    url = {https://arxiv.org/abs/1403.2805},
  }
  
@Manual{XML,
    title = {XML: Tools for Parsing and Generating XML Within R and S-Plus},
    author = {Duncan Temple Lang and the CRAN Team},
    year = {2017},
    url = {https://CRAN.R-project.org/package=XML},
  }
  
@Manual{datatable,
    title = {data.table: Extension of `data.frame`},
    author = {Matt Dowle and Arun Srinivasan},
    year = {2017},
    url = {https://CRAN.R-project.org/package=data.table},
  }  
  
@Manual{readr,
    title = {readr: Read Rectangular Text Data},
    author = {Hadley Wickham and Jim Hester and Romain Francois},
    year = {2017},
    note = {R package version 1.1.1},
    url = {https://CRAN.R-project.org/package=readr},
  }
  
  
  
@Manual{readxl,
    title = {readxl: Read Excel Files},
    author = {Hadley Wickham and Jennifer Bryan},
    year = {2017},
    url = {https://CRAN.R-project.org/package=readxl},
  }
  
  
@article{szegedy13,
  title={Intriguing properties of neural networks},
  author={Szegedy, Christian and Zaremba, Wojciech and Sutskever, Ilya and Bruna, Joan and Erhan, Dumitru and Goodfellow, Ian and Fergus, Rob},
  journal={arXiv preprint arXiv:1312.6199},
  year={2013}
}

  
 @Manual{tif,
    title = {tif: Text Interchange Format},
    author = {rOpenSci Text Workshop},
    year = {2017},
    url = {https://github.com/ropensci/tif},
  }
  
  @Manual{magrittr,
    title = {magrittr: A Forward-Pipe Operator for R},
    author = {Stefan Milton Bache and Hadley Wickham},
    year = {2014},
    note = {R package version 1.5},
    url = {https://CRAN.R-project.org/package=magrittr},
  }
  
  @article{mikolov13,
  title={Efficient estimation of word representations in vector space},
  author={Mikolov, Tomas and Chen, Kai and Corrado, Greg and Dean, Jeffrey},
  journal={arXiv preprint arXiv:1301.3781},
  year={2013}
}

  
@Manual{text2vec,
    title = {text2vec: Modern Text Mining Framework for R},
    author = {Dmitriy Selivanov},
    year = {2016},
    note = {R package version 0.4.0},
    url = {https://CRAN.R-project.org/package=text2vec},
  }

@Manual{lshr,
    title = {LSHR: Locality Sensitive Hashing in R},
    author = {Dmitriy Selivanov},
    year = {2017},
    note = {R package version 0.2.0},
    url = {https://github.com/dselivanov/LSHR},
  }

@Manual{tm,
    title = {tm: Text Mining Package},
    author = {Ingo Feinerer and Kurt Hornik},
    year = {2017},
    note = {R package version 0.7-1},
    url = {https://CRAN.R-project.org/package=tm},
  }

@Manual{corpustools,
    title = {Corpustools},
    author = {Kasper Welbers and Wouter {Van Atteveldt}},
    year = {2016},
    note = {R package version 0.201},
    url = {http://github.com/kasperwelbers/corpustools},
  }

@Manual{korpus,
    title = {koRpus: An R Package for Text Analysis},
    author = {Meik Michalke},
    year = {2017},
    note = {(Version 0.10-2)},
    url = {https://reaktanz.de/?c=hacking&s=koRpus},
  }

@Manual{qdap,
    title = {{qdap}: {Q}uantitative Discourse Analysis Package},
    author = {Tyler W. Rinker},
    organization = {University at Buffalo/SUNY},
    address = {Buffalo, New York},
    note = {2.2.5},
    year = {2013},
    url = {http://github.com/trinker/qdap},
  }

@Article{tidytext,
    title = {tidytext: Text Mining and Analysis Using Tidy Data Principles in R},
    author = {Julia Silge and David Robinson},
    doi = {10.21105/joss.00037},
    url = {http://dx.doi.org/10.21105/joss.00037},
    year = {2016},
    publisher = {The Open Journal},
    volume = {1},
    number = {3},
    journal = {JOSS},
  }

@Manual{mturkr,
    title = {MTurkR: Access to Amazon Mechanical Turk Requester API via R},
    author = {Thomas J. Leeper},
    year = {2017},
    note = {R package version 0.8.0},
  }

@Manual{crowdflower,
    title = {crowdflower: R Client for the CrowdFlower API},
    author = {Pablo Barberá and Ken Benoit and Thomas J. Leeper},
    year = {2017},
    note = {R package version 0.2.4},
  }


@article{watanabe17,
  title={The spread of the Kremlin’s narratives by a western news agency during the Ukraine crisis},
  author={Watanabe, Kohei},
  journal={The Journal of International Communication},
  volume={23},
  number={1},
  pages={138--158},
  year={2017},
  publisher={Taylor \& Francis}
}


@Manual{textreuse,
    title = {textreuse: Detect Text Reuse and Document Similarity},
    author = {Lincoln Mullen},
    year = {2016},
    note = {R package version 0.1.4},
    url = {https://CRAN.R-project.org/package=textreuse},
  }
  

@Manual{rnewsflow,
    title = {RNewsflow: Tools for Analyzing Content Homogeneity and News Diffusion using
Computational Text Analysis},
    author = {Kasper Welbers & Wouter {Van Atteveldt}},
    year = {2016},
    note = {R package version 1.0.1},
    url = {https://CRAN.R-project.org/package=RNewsflow},
  }

@Manual{kerasr,
    title = {{kerasR}: {R} Interface to the {Keras} Deep Learning Library},
    author = {Taylor Arnold},
    year = {2017},
    note = {R package version 0.6.1},
    url = {https://CRAN.R-project.org/package=kerasR},
  }

@article{quanteda,
  title={quanteda: An R package for the quantitative analysis of textual data.},
  author={Benoit, Kenneth and Watanabe, Kohei and Wang, Haiyan and Nulty, Paul and Obeng, Adam and M{\"u}ller, Stefan and Matsuo, Akitaka},
  journal={J. Open Source Software},
  volume={3},
  number={30},
  pages={774},
  year={2018}
}



@inproceedings{blei05,
  title={Correlated topic models},
  author={Blei, David M and Lafferty, John D},
  booktitle={Proceedings of the 18th International Conference on Neural Information Processing Systems},
  pages={147--154},
  year={2005},
  organization={MIT Press}
}


@Manual{rtexttools,
    title = {RTextTools: Automatic Text Classification via Supervised Learning},
    author = {Timothy P. Jurka and Loren Collingwood and Amber E. Boydstun and Emiliano Grossman and Wouter {Van Atteveldt}},
    year = {2014},
    note = {R package version 1.4.2},
    url = {https://CRAN.R-project.org/package=RTextTools},
  }

@Manual{spacyr,
    title = {spacyr: R Wrapper to the spaCy NLP Library},
    author = {Kenneth Benoit and Akitaka Matsuo},
    year = {2017},
    note = {R package version 0.9.0},
    url = {https://CRAN.R-project.org/package=spacyr},
  }

@Manual{hunspell,
    title = {hunspell: High-Performance Stemmer, Tokenizer, and Spell Checker for R},
    author = {Jeroen Ooms},
    year = {2017},
    note = {R package version 2.5},
    url = {https://CRAN.R-project.org/package=hunspell},
  }

@Manual{tokenizers,
    title = {tokenizers: A Consistent Interface to Tokenize Natural Language Text},
    author = {Lincoln Mullen},
    year = {2016},
    note = {R package version 0.1.4},
    url = {https://CRAN.R-project.org/package=tokenizers},
  }

@Manual{preText,
    title = {preText: Diagnostics to Assess the Effects of Text Preprocessing
Decisions},
    author = {Matthew J. Denny and Arthur Spirling,},
    year = {2017},
    note = {R package version 0.5.0},
    url = {https://CRAN.R-project.org/package=preText},
  }

@Manual{phrasemachine,
    title = {phrasemachine: Simple Phrase Extraction},
    author = {Matthew J. Denny and Abram Handler and Brendan O'Connor},
    year = {2017},
    note = {R package version 1.1.2},
    url = {https://CRAN.R-project.org/package=phrasemachine},
  }

@Manual{cleannlp,
    title = {cleanNLP: A Tidy Data Model for Natural Language Processing},
    author = {Taylor Arnold},
    year = {2017},
    note = {R package version 1.9.0},
    url = {https://CRAN.R-project.org/package=cleanNLP},
  }

@Manual{konlp,
    title = {KoNLP: Korean NLP Package},
    author = {Heewon Jeon},
    year = {2016},
    note = {R package version 0.80.1},
    url = {https://CRAN.R-project.org/package=KoNLP},
  }

@Manual{regexr,
    title = {{regexr}: Readable Regular Expressions},
    author = {Tyler W. Rinker},
    organization = {University at Buffalo/SUNY},
    address = {Buffalo, New York},
    note = {version 1.1.0},
    doi = {10.5281/zenodo.13496},
    year = {2014},
    url = {http://github.com/trinker/regexr},
  }
  
@Manual{austin,
    title = {Austin: Do things with words},
    author = {Will Lowe},
    year = {2011},
    url = {http://www.github.org/conjugateprior/austin},
  }

@Article{mbest,
    author = {Patrick O. Perry},
    year = {2016},
    title = {Fast moment-based estimation for hierarchical models},
    journal = {Journal of the Royal Statistical Society: Series B (Statistical Methodology)},
    note = {Forthcoming},
  }
  
@Manual{stm,
    title = {stm: R Package for Structural Topic Models},
    author = {Margaret E. Roberts and Brandon M. Stewart and Dustin Tingley},
    year = {2017},
    note = {R package version 1.2.2},
    url = {http://www.structuraltopicmodel.com},
}

@Article{topicmodels,
    title = {{topicmodels}: An {R} Package for Fitting Topic Models},
    author = {Bettina Grun and Kurt Hornik},
    journal = {Journal of Statistical Software},
    year = {2011},
    volume = {40},
    number = {13},
    pages = {1--30},
    doi = {10.18637/jss.v040.i13},
}
  
@Manual{lda,
    title = {lda: Collapsed Gibbs Sampling Methods for Topic Models},
    author = {Jonathan Chang},
    year = {2015},
    note = {R package version 1.4.2},
    url = {https://CRAN.R-project.org/package=lda},
}

  
  
  
  
   

### articles

@inproceedings{wallach09,
  title={Rethinking LDA: Why priors matter},
  author={Wallach, Hanna M and Mimno, David M and McCallum, Andrew},
  booktitle={Advances in neural information processing systems},
  pages={1973--1981},
  year={2009}
}



@article{vliegenthart12,
  title={Anti-immigrant party support and media visibility: A cross-party, over-time perspective},
  author={Vliegenthart, Rens and Boomgaarden, Hajo G and Van Spanje, Joost},
  journal={Journal of Elections, Public Opinion \& Parties},
  volume={22},
  number={3},
  pages={315--358},
  year={2012},
  publisher={Taylor \& Francis}
}

@book{unicode,
  title={{The Unicode Standard: World Wide Character Encoding}},
  author={{The Unicode Consortium}},
  year={1992},
  publisher={Addison-Wesley, Redwood City, CA}
 }
 
 @article{wang12dynamic,
  title={Continuous time dynamic topic models},
  author={Wang, Chong and Blei, David and Heckerman, David},
  journal={arXiv preprint arXiv:1206.3298},
  year={2012}
}

 
 @inproceedings{blei06,
  title={Dynamic topic models},
  author={Blei, David M and Lafferty, John D},
  booktitle={Proceedings of the 23rd international conference on Machine learning},
  pages={113--120},
  year={2006},
  organization={ACM}
}

 
 @article{atteveldt17,
  title={Clause analysis: using syntactic information to automatically extract source, subject, and predicate from texts with an application to the 2008--2009 Gaza War},
  author={{Van Atteveldt}, Wouter and Sheafer, Tamir and Shenhav, Shaul R and Fogel-Dror, Yair},
  journal={Political Analysis},
  pages={1--16},
  year={2017},
  publisher={Cambridge University Press}
}

@inproceedings{pang02,
  title={Thumbs up?: sentiment classification using machine learning techniques},
  author={Pang, Bo and Lee, Lillian and Vaithyanathan, Shivakumar},
  booktitle={Proceedings of the ACL-02 conference on Empirical methods in natural language processing-Volume 10},
  pages={79--86},
  year={2002},
  organization={Association for Computational Linguistics}
}


@article{roberts14,
  title={Structural Topic Models for Open-Ended Survey Responses},
  author={Roberts, Margaret E and Stewart, Brandon M and Tingley, Dustin and Lucas, Christopher and Leder-Luis, Jetson and Gadarian, Shana Kushner and Albertson, Bethany and Rand, David G},
  journal={American Journal of Political Science},
  volume={58},
  number={4},
  pages={1064--1082},
  year={2014},
  publisher={Wiley Online Library}
}

@article{goldberg17,
  title={Neural network methods for natural language processing},
  author={Goldberg, Yoav},
  journal={Synthesis Lectures on Human Language Technologies},
  volume={10},
  number={1},
  pages={1--309},
  year={2017},
  publisher={Morgan \& Claypool Publishers},
  doi={10.2200/S00762ED1V01Y201703HLT037}
}


@article{boumans16,
  title={Taking stock of the toolkit: An overview of relevant automated content analysis approaches and techniques for digital journalism scholars},
  author={Boumans, Jelle W and Trilling, Damian},
  journal={Digital Journalism},
  volume={4},
  number={1},
  pages={8--23},
  year={2016},
  publisher={Taylor \& Francis},
  doi = {10.1080/21670811.2015.1096598}
}


@article{kaplan10,
  title={Users of the world, unite! The challenges and opportunities of Social Media},
  author={Kaplan, Andreas M and Haenlein, Michael},
  journal={Business horizons},
  volume={53},
  number={1},
  pages={59--68},
  year={2010},
  publisher={Elsevier}
}




@article{kietzmann11,
  title={Social media? Get serious! Understanding the functional building blocks of social media},
  author={Kietzmann, Jan H and Hermkens, Kristopher and McCarthy, Ian P and Silvestre, Bruno S},
  journal={Business horizons},
  volume={54},
  number={3},
  pages={241--251},
  year={2011},
  publisher={Elsevier}
}


@book{bell91,
  title={The language of news media},
  author={Bell, Allan},
  year={1991},
  publisher={Blackwell Oxford}
}

@article{nir93,
  title={A discourse analysis of news headlines},
  author={Nir, Raphael},
  journal={Hebrew Linguistics},
  volume={37},
  pages={23--31},
  year={1993}
}

@article{kahneman93,
  title={When more pain is preferred to less: Adding a better end},
  author={Kahneman, Daniel and Fredrickson, Barbara L and Schreiber, Charles A and Redelmeier, Donald A},
  journal={Psychological science},
  volume={4},
  number={6},
  pages={401--405},
  year={1993},
  publisher={SAGE Publications}
}

@book{gyldensted11,
  title={Innovating news journalism through positive psychology},
  author={Gyldensted, Cathrine},
  publisher={Unpublished master's thesis, University of Pennsylvania, Philadelphia},
  year={2011},
  howpublished = {Retrieved October, 11, 2016, from \url{https://reutersinstitute.politics.ox.ac.uk/sites/default/files/Digital-News-Report-2016.pdf}}
}

@article{fredrickson00,
  title={Extracting meaning from past affective experiences: The importance of peaks, ends, and specific emotions},
  author={Fredrickson, Barbara L},
  journal={Cognition \& Emotion},
  volume={14},
  number={4},
  pages={577--606},
  year={2000},
  publisher={Taylor \& Francis}
}

@article{nabi99,
  title={A cognitive-functional model for the effects of discrete negative emotions on information processing, attitude change, and recall},
  author={Nabi, Robin L},
  journal={Communication theory},
  volume={9},
  number={3},
  pages={292--320},
  year={1999},
  publisher={Wiley Online Library}
}

@article{blaagaard13,
  title={Shifting boundaries: Objectivity, citizen journalism and tomorrow’s journalists},
  author={Blaagaard, Bolette B},
  journal={Journalism},
  volume={14},
  number={8},
  pages={1076--1090},
  year={2013},
  publisher={Sage Publications}
}


@book{mcintyre15,
  title={Constructive journalism: The effects of positive emotions and solution information in news stories},
  author={McIntyre, Karen Elizabeth},
  year={2015},
  publisher={Dissertation, University of North Carolina at Chapel Hill}
}

@article{opgenhaffen14,
  title={Social media guidelines for journalists: An investigation into the sense and nonsense among Flemish Journalists},
  author={Opgenhaffen, Micha{\"e}l and Scheerlinck, Harald},
  journal={Journalism Practice},
  volume={8},
  number={6},
  pages={726--741},
  year={2014},
  publisher={Taylor \& Francis}
}

@book{caples97,
  title={Tested Advertising Methods},
  author={Caples, J. and Hahn, F.E.},
  isbn={9780130957016},
  lccn={96047752},
  series={Prentice Hall business classics},
  url={https://books.google.be/books?id=A7WLkBMFSNYC},
  year={1997},
  publisher={Prentice Hall}
}


@article{harbers14,
  title={Between engagement and ironic ambiguity: Mediating subjectivity in narrative journalism},
  author={Harbers, Frank and Broersma, Marcel},
  journal={Journalism},
  pages={1464884914523236},
  year={2014},
  publisher={Sage Publications}
}

@article{wahl12,
  title={The strategic ritual of emotionality: A case study of Pulitzer Prize-winning articles},
  author={Wahl-Jorgensen, Karin},
  journal={Journalism},
  volume={14},
  number={1},
  pages={129--145},
  year={2013},
  publisher={Sage Publications}
}

@article{lasorsa12,
  title={Normalizing Twitter: Journalism practice in an emerging communication space},
  author={Lasorsa, Dominic L and Lewis, Seth C and Holton, Avery E},
  journal={Journalism studies},
  volume={13},
  number={1},
  pages={19--36},
  year={2012},
  publisher={Taylor \& Francis}
}

@article{singer05,
  title={The political j-blogger ‘normalizing’a new media form to fit old norms and practices},
  author={Singer, Jane B},
  journal={Journalism},
  volume={6},
  number={2},
  pages={173--198},
  year={2005},
  publisher={Sage Publications}
}

@article{bird90,
  title={News and storytelling in American culture: Reevaluating the sensational dimension},
  author={Bird, S Elizabeth and Dardenne, Robert W},
  journal={Journal of American Culture},
  volume={13},
  number={2},
  pages={33--37},
  year={1990},
  publisher={Wiley Online Library}
}

@article{zoonen98,
  title={A professional, unreliable, heroic marionette (M/F Structure, agency and subjectivity in contemporary journalisms},
  author={Van Zoonen, Liesbet},
  journal={European Journal of Cultural Studies},
  volume={1},
  number={1},
  pages={123--143},
  year={1998},
  publisher={Sage Publications}
}

@article{arbaoui16,
title={Sensationalism in News Coverage: A Comparative Study in 14 Television Systems},
author={Arbaoui, Bouchra and De Swert, Knut and van der Brug, Wouter},
journal={Communication Research},
year={2016},
publisher={SAGE Publications}
}

@article{beckett15,
title={How journalism is turning emotional and what that might mean for news},
author={Beckett, Charlie},
journal={POLIS blog, London School of Economics and Political Science},
year={2015},
publisher={POLIS, London School of Economics and Political Science}
}

@article{blom15,
title={Click bait: Forward-reference as lure in online news headlines},
author={Blom, Jonas Nygaard and Hansen, Kenneth Reinecke},
journal={Journal of Pragmatics},
volume={76},
pages={87--100},
year={2015},
publisher={Elsevier}
}

@article{dor03,
title={On newspaper headlines as relevance optimizers},
author={Dor, Daniel},
journal={Journal of Pragmatics},
volume={35},
number={5},
pages={695--721},
year={2003},
publisher={Elsevier}
}

@article{eveland02,
title={An investigation of elaboration and selective scanning as mediators of learning from the Web versus print},
author={Eveland, Jr, William P and Dunwoody, Sharon},
journal={Journal of Broadcasting \& Electronic Media},
volume={46},
number={1},
pages={34--53},
year={2002},
publisher={Taylor \& Francis}
}

@article{kormelink14,
title={Tailor-Made News: Meeting the demands of news users on mobile and social media},
author={Groot Kormelink, Tim and Costera Meijer, Irene},
journal={Journalism Studies},
volume={15},
number={5},
pages={632--641},
year={2014},
publisher={Taylor \& Francis}
}

@article{knox07,
title={Visual-verbal communication on online newspaper home pages},
author={Knox, John},
journal={Visual communication},
volume={6},
number={1},
pages={19--53},
year={2007},
publisher={Sage Publications}
}

@article{marchi12,
title={With {F}acebook, blogs, and fake news, teens reject journalistic “objectivity”},
author={Marchi, Regina},
journal={Journal of Communication Inquiry},
volume={36},
number={3},
pages={246--262},
year={2012},
publisher={SAGE Publications}
}

@article{newman16,
title={The {R}euters Institute Digital News Report 2016},
author={Newman, Nic and Fletcher, Richard and Levy, D and Nielsen, R},
year={2016},
publisher={Reuters Institute for the Study of Journalism},
howpublished = {Retrieved October, 11, 2016, from \url{https://reutersinstitute.politics.ox.ac.uk/sites/default/files/Digital-News-Report-2016.pdf}}
}

@article{richards11,
title={The management of emotion in British journalism},
author={Richards, Barry and Rees, Gavin},
journal={Media, Culture \& Society},
volume={33},
number={6},
pages={851--867},
year={2011},
publisher={Sage Publications}
}

@article{steele96,
title={The journalism of opinion: Network news coverage of US presidential campaigns, 1968--1988},
author={Steele, Catherine A and Barnhurst, Kevin G},
journal={Critical Studies in Media Communication},
volume={13},
number={3},
pages={187--209},
year={1996},
publisher={Taylor \& Francis}
}

@incollection{ungerer97,
title={Emotions and emotional language in {E}nglish and {G}erman news stories},
booktitle = {The language of emotions},
author={Ungerer, Friedrich},
editor = {Susanne Niemeier and René Dirven},
pages={307--328},
publisher = {John Benjamins Publishing},
year={1997}
}

@article{wahl13,
title={The strategic ritual of emotionality: A case study of Pulitzer Prize-winning articles},
author={Wahl-Jorgensen, Karin},
journal={Journalism},
volume={14},
number={1},
pages={129--145},
year={2013},
publisher={Sage Publications}
}

@book{hermida14,
title={Tell everyone: Why we share and why it matters},
author={Hermida, Alfred},
year={2014},
publisher={Doubleday Canada}
}

@inproceedings{blom14,
title={Narrative and Rhetoric Strategies of Commercial Click Journalism},
author={Blom, Jonas Nygaard and Hansen, Kenneth Reinecke},
booktitle={ECREA-Journalism Studies Section Conference},
year={2014}
}



@incollection{hartley09,
  author = {Hartley, John},
  booktitle = {The handbook of journalism studies},
  pages = {310--324},
  publisher = {Routledge},
  editor = {Wahl-Jorgensen, Karin and Hanitzsch, Thomas},
  title = {Journalism and popular culture},
  year = {2009},
}


@article{facebook16,
  author = {{{Facebook}}},
  journal = {Newsroom.fb.com},
  title = {News Feed FYI: Further Reducing Clickbait in Feed},
  year = {2016},
  month = {August},
  day = {4},
  url = {http://newsroom.fb.com/news/2016/08/news-feed-fyi-further-reducing-clickbait-in-feed/}
}

@article{wilcoxon70,
  title={Critical values and probability levels for the Wilcoxon rank sum test and the Wilcoxon signed rank test},
  author={Wilcoxon, Frank and Katti, SK and Wilcox, Roberta A},
  journal={Selected tables in mathematical statistics},
  volume={1},
  pages={171--259},
  year={1970},
  publisher={Markham Publishing Co. Chicago}
}


@article{tumasjan10,
  title={Predicting Elections with {T}witter: What 140 Characters Reveal about Political Sentiment.},
  author={Tumasjan, Andranik and Sprenger, Timm Oliver and Sandner, Philipp G and Welpe, Isabell M},
  journal={ICWSM},
  volume={10},
  pages={178--185},
  year={2010}
}


@inproceedings{melville09,
  title={Sentiment analysis of blogs by combining lexical knowledge with text classification},
  author={Melville, Prem and Gryc, Wojciech and Lawrence, Richard D},
  booktitle={Proceedings of the 15th ACM SIGKDD international conference on Knowledge discovery and data mining},
  pages={1275--1284},
  year={2009},
  organization={ACM}
}


@inproceedings{smedt12,
  title={"Vreselijk mooi!" (terribly beautiful): A Subjectivity Lexicon for Dutch Adjectives.},
  author={De Smedt, Tom and Daelemans, Walter},
  booktitle={LREC},
  pages={3568--3572},
  year={2012}
}

@article{novak15,
  title={Sentiment of emojis},
  author={Novak, Petra Kralj and Smailovi{\'c}, Jasmina and Sluban, Borut and Mozeti{\v{c}}, Igor},
  journal={PloS one},
  volume={10},
  number={12},
  pages={e0144296},
  year={2015},
  publisher={Public Library of Science}
}


### articles

@Article{anderson11,
  author = {CW Anderson},
  journal = {Journalism},
  number = {5},
  pages = {550--566},
  publisher = {SAGE Publications},
  title = {Between creative and quantified audiences: Web
                   metrics and changing patterns of newswork in local {US}
                   newsrooms},
  volume = {12},
  year = {2011},
  doi = {10.1177/1464884911402451},
}

@Article{arrese15,
  author = {{\a'A}ngel Arrese},
  journal = {Journalism Studies},
  number = {ahead-of-print},
  pages = {1--17},
  publisher = {Taylor \& Francis},
  title = {From Gratis to Paywalls: A brief history of a
                   retro-innovation in the press's business},
  year = {2015},
  doi = {10.1080/1461670x.2015.1027788},
}

@Article{barzilai08,
  author = {Karine Barzilai-Nahon},
  journal = {Journal of the American {s}ociety for {i}nformation
                   {s}cience and {t}echnology},
  number = {9},
  pages = {1493--1512},
  publisher = {Wiley Online Library},
  title = {Toward a theory of network gatekeeping: A framework
                   for exploring information control},
  volume = {59},
  year = {2008},
  doi = {10.1002/asi.20857},
}

@Article{bass69,
  author = {Abraham Z Bass},
  journal = {Journalism \& Mass Communication Quarterly},
  number = {1},
  pages = {69--72},
  publisher = {SAGE Publications},
  title = {Refining the ''gatekeeper'' concept: A {UN} radio case
                   study},
  volume = {46},
  year = {1969},
  doi = {10.1177/107769906904600110},
}

@Article{baum08,
  author = {Matthew A Baum and Tim Groeling},
  journal = {Political Communication},
  number = {4},
  pages = {345--365},
  publisher = {Taylor & Francis},
  title = {New media and the polarization of {A}merican
                   political discourse},
  volume = {25},
  year = {2008},
  doi = {10.1080/10584600802426965},
}

@article{baumgartner09,
  title={Punctuated equilibrium in comparative perspective},
  author={Baumgartner, Frank R and Breunig, Christian and Green-Pedersen, Christoffer and Jones, Bryan D and Mortensen, Peter B and Nuytemans, Michiel and Walgrave, Stefaan},
  journal={American Journal of Political Science},
  volume={53},
  number={3},
  pages={603--620},
  year={2009},
  publisher={Wiley Online Library}
}

@article{behr85,
author = {Behr, Roy L. and Iyengat, Shanto},
title = {Television News, Real-World Cues, and Changes in the Public Agenda},
journal = {Public Opinion Quarterly},
volume = {49},
number = {1},
pages = {38-57},
year = {1985},
doi = {10.1086/268900},
URL = {http://dx.doi.org/10.1086/268900},
eprint = {/oup/backfile/content_public/journal/poq/49/1/10.1086/268900/2/49-1-38.pdf}
}

@book{zaller92, 
  place={Cambridge}, 
  series={Cambridge Studies in Public Opinion and Political Psychology}, 
  title={The Nature and Origins of Mass Opinion}, 
  DOI={10.1017/CBO9780511818691}, 
  publisher={Cambridge University Press}, 
  author={Zaller, John R.}, 
  year={1992}, 
  collection={Cambridge Studies in Public Opinion and Political Psychology}
}

@Article{baumgartner06,
  author = {Frank Baumgartner and Christoffer Green-Pedersen and Bryan Jones},
  journal = {Journal of European Public Policy},
  number = {7},
  pages = {959—974},
  title = {Comparative Studies of Policy Agendas},
  volume = {13},
  year = {2006},
  doi = {10.1080/13501760600923805},
}

@Article{bavelas48,
  author = {Alex Bavelas},
  journal = {Human organization},
  number = {3},
  pages = {16--30},
  publisher = {SFAA},
  title = {A mathematical model for group structures},
  volume = {7},
  year = {1948},
  doi = {10.17730/humo.7.3.f4033344851gl053},
}

@Article{bennett08,
  author = {W Lance Bennett and Shanto Iyengar},
  journal = {Journal of {C}ommunication},
  number = {4},
  pages = {707--731},
  publisher = {Wiley Online Library},
  title = {A new era of minimal effects? The changing
                   foundations of political communication},
  volume = {58},
  year = {2008},
  doi = {10.1111/j.1460-2466.2008.00410.x},
}

@Article{bennett90,
  author = {L. Bennett},
  journal = {Journal of {C}ommunication},
  number = {2},
  pages = {103--125},
  title = {Toward a Theory of Press-State Relations in the
                   {United} {States}},
  volume = {40},
  year = {1990},
  doi = {10.1111/j.1460-2466.1990.tb02265.x},
}

@Article{blei03,
  author = {David M Blei and Andrew Y Ng and Michael I Jordan},
  journal = {the Journal of machine Learning research},
  pages = {993--1022},
  publisher = {JMLR. org},
  title = {Latent {D}irichlet {A}llocation},
  volume = {3},
  year = {2003},
}




@Article{blumler99,
  author = {Jay G Blumler and Dennis Kavanagh},
  journal = {Political {C}ommunication},
  number = {3},
  pages = {209--230},
  publisher = {Taylor \& Francis},
  title = {The third age of political communication: Influences
                   and features},
  volume = {16},
  year = {1999},
  doi = {10.1080/105846099198596},
}

@Article{boczkowski07,
  author = {Pablo J Boczkowski and Martin {De Santos}},
  journal = {Political Communication},
  number = {2},
  pages = {167--180},
  publisher = {Taylor \& Francis},
  title = {When more media equals less news: Patterns of content
                   homogenization in Argentina's leading print and
                   online newspapers},
  volume = {24},
  year = {2007},
  doi = {10.1080/10584600701313025},
}

@Article{boomgaarden07,
  author = {Hajo G Boomgaarden and Rens Vliegenthart},
  journal = {Electoral {S}tudies},
  number = {2},
  pages = {404--417},
  publisher = {Elsevier},
  title = {Explaining the rise of anti-immigrant parties: The
                   role of news media content},
  volume = {26},
  year = {2007},
  doi = {10.1016/j.electstud.2006.10.018},
}

@Article{boyle01,
  author = {Thomas P Boyle},
  journal = {Journalism \& Mass Communication Quarterly},
  number = {1},
  pages = {26--44},
  publisher = {SAGE Publications},
  title = {Intermedia agenda setting in the 1996 presidential
                   election},
  volume = {78},
  year = {2001},
  doi = {10.1177/107769900107800103},
}

@Article{brants06,
  author = {Kees Brants and Philip {Van Praag}},
  journal = {Javnost/The Public},
  number = {1},
  pages = {25--40},
  title = {{Signs of Media Logic: Half a Century of Political
                   Communications in the Netherlands}},
  volume = {13},
  year = {2006},
  doi = {10.1080/13183222.2006.11008905},
}

@Article{brinkman09,
  author = {L.C. Brinkman and I. Brakman and B.J. Brouwers and P.P.W. Molenaar and R. Mulder and P.J.R. Schrurs and Y. Zonderop},
  journal = {Adviesrapport Tijdelijk Commissie Innovatie en
                   Toekomst Pers},
  howpublished = {Retrieved Januari 6, 2016, from \url{http://www.commissiebrinkman.nl}},
  title = {De volgende editie},
  year = {2009},
}

@Article{bruns03,
  author = {Axel Bruns},
  journal = {Media International Australia Incorporating Culture
                   and Policy: {Q}uarterly {J}ournal of {M}edia {R}esearch and
                   {R}esources},
  number = {1},
  pages = {31--44},
  publisher = {The University of Queensland},
  title = {Gatewatching, not gatekeeping: Collaborative online
                   news},
  volume = {107},
  year = {2003},
}

@Article{bui10,
  author = {C. Bui},
  journal = {Journal of Mathematical Sociology},
  number = {16},
  pages = {1--41},
  title = {How online gatekeepers guard our view: News
                   portals’ inclusion and ranking of media and
                   events.},
  volume = {9},
  year = {2010},
}

@Article{carpenter10,
  author = {Serena Carpenter},
  journal = {New {M}edia \& {S}ociety},
  number = {7},
  pages = {1064--1084},
  publisher = {SAGE Publications},
  title = {A study of content diversity in online citizen
                   journalism and online newspaper articles},
  volume = {12},
  year = {2010},
  doi = {10.1177/1461444809348772},
}

@Article{chong07,
  author = {Dennis Chong and James N Druckman},
  journal = {Annual Review of Political Science},
  number = {1},
  pages = {103--126},
  publisher = {Annual Reviews},
  title = {Framing theory},
  volume = {10},
  year = {2007},
  doi = {10.1146/annurev.polisci.10.072805.103054},
}

@Article{chyi05,
  author = {Hsiang Iris Chyi},
  journal = {Journal of Media Economics},
  number = {2},
  pages = {131--142},
  publisher = {Taylor \& Francis},
  title = {Willingness to pay for online news: An empirical
                   study on the viability of the subscription model},
  volume = {18},
  year = {2005},
  doi = {10.1207/s15327736me1802_4},
}

@Article{coddington14,
  author = {Mark Coddington and Avery E Holton},
  journal = {Mass Communication and Society},
  number = {2},
  pages = {236--257},
  publisher = {Taylor \& Francis},
  title = {When the gates swing open: Examining network
                   gatekeeping in a social media setting},
  volume = {17},
  year = {2014},
  doi = {10.1080/15205436.2013.779717},
}

@Article{cook12,
  author = {Jonathan E Cook and Shahzeen Z Attari},
  journal = {Cyberpsychology, Behavior, and Social Networking},
  number = {12},
  pages = {682--687},
  publisher = {Mary Ann Liebert, Inc. 140 Huguenot Street, 3rd Floor
                   New Rochelle, NY 10801 USA},
  title = {Paying for what was free: Lessons from the New York
                   Times paywall},
  volume = {15},
  year = {2012},
  doi = {10.1089/cyber.2012.0251},
}

@Article{csardi06,
  author = {Gabor Csardi and Tamas Nepusz},
  journal = {InterJournal, Complex Systems},
  number = {5},
  pages = {1--9},
  title = {The igraph software package for complex network
                   research},
  volume = {1695},
  year = {2006},
}

@Article{cuilenburg07,
  author = {Jan {Van Cuilenburg}},
  journal = {Media between Culture and Commerce},
  pages = {25--54},
  title = {Media diversity, competition and concentration:
                   Concepts and Theories},
  volume = {4},
  year = {2007},
}

@Article{cuilenburg99,
  author = {Jan {Van Cuilenburg}},
  journal = {New {M}edia \& {S}ociety},
  number = {2},
  pages = {183--207},
  publisher = {SAGE Publications},
  title = {On competition, access and diversity in media, old
                   and new some remarks for communications policy in the
                   information age},
  volume = {1},
  year = {1999},
  doi = {10.1177/14614449922225555},
}

@Article{deuze08,
  author = {Mark Deuze},
  journal = {International {J}ournal of {C}ommunication},
  pages = {18},
  title = {The changing context of news work: Liquid journalism
                   for a monitorial citizenry},
  volume = {2},
  year = {2008},
}

@article{heer14elections,
  title={Conversations about the elections on {T}witter: {T}owards a structural understanding of {T}witter’s relation with the political and the media field},
  author={{D’heer}, Evelien and Verdegem, Pieter},
  journal={European {J}ournal of {C}ommunication},
  volume={29},
  number={6},
  pages={720--734},
  year={2014},
  publisher={SAGE}
}

@Article{domingo08,
  author = {David Domingo and Thorsten Quandt and Ari Heinonen and Steve Paulussen and Jane B Singer and Marina Vujnovic},
  journal = {Journalism Practice},
  number = {3},
  pages = {326--342},
  publisher = {Taylor \& Francis},
  title = {Participatory journalism practices in the media and
                   beyond: An international comparative study of
                   initiatives in online newspapers},
  volume = {2},
  year = {2008},
  doi = {10.1080/17512780802281065},
}

@Article{eilders06,
  author = {Christiane Eilders},
  journal = {Communications},
  number = {1},
  pages = {5--24},
  title = {News factors and news decisions: {T}heoretical and
                   methodological advances in {G}ermany},
  volume = {31},
  year = {2006},
  doi = {10.1515/commun.2006.002},
}

@Article{ekdale10,
  author = {Brian Ekdale and Kang Namkoong and Timothy KF Fung and David D Perlmutter},
  journal = {New Media \& Society},
  number = {2},
  pages = {217--234},
  publisher = {SAGE Publications},
  title = {Why blog?(then and now): {E}xploring the motivations
                   for blogging by popular {A}merican political
                   bloggers},
  volume = {12},
  year = {2010},
  doi = {10.1177/1461444809341440},
}

@Article{elberse08,
  author = {Anita Elberse},
  journal = {Harvard business review},
  number = {7},
  title = {Should you invest in the long tail?},
  volume = {86},
  year = {2008},
}

@article{entman93,
	doi = {10.1111/j.1460-2466.1993.tb01304.x},
	year = 1993,
	publisher = {Wiley-Blackwell},
	volume = {43},
	number = {4},
	pages = {51--58},
	author = {Robert M. Entman},
	title = {Framing: Toward Clarification of a Fractured Paradigm},
	journal = {Journal of {C}ommunication}
}

@Article{entman08,
  author = {R. M. Entman},
  journal = {International journal of Press/Politics},
  number = {2},
  pages = {87-–102},
  title = {Theorizing mediated public diplomacy: The {U.S.} case},
  volume = {13},
  year = {2008},
  doi = {10.1177/1940161208314657},
}



@Article{fancher87,
  author = {Michael Fancher},
  journal = {Gannett Center Journal},
  number = {1},
  pages = {69--80},
  title = {The metamorphosis of the newspaper editor},
  volume = {1},
  year = {1987},
}

@Article{feinerer08,
  author = {Ingo Feinerer and Kurt Hornik and David Meyer},
  journal = {Journal of Statistical Software},
  number = {5},
  pages = {1--54},
  title = {Text Mining Infrastructure in {R}},
  volume = {25},
  year = {2008},
  doi = {10.18637/jss.v025.i05},
}

@Article{forde13,
  author = {Susan Forde and Jane Johnston},
  journal = {Journalism Studies},
  number = {1},
  pages = {113--129},
  publisher = {Taylor \& Francis},
  title = {THE NEWS TRIUMVIRATE: Public relations, wire agencies
                   and online copy},
  volume = {14},
  year = {2013},
  doi = {10.1080/1461670x.2012.679859},
}

@Article{freeman80,
  author = {Linton C Freeman},
  journal = {Quality and Quantity},
  number = {4},
  pages = {585--592},
  publisher = {Springer},
  title = {The gatekeeper, pair-dependency and structural
                   centrality},
  volume = {14},
  year = {1980},
  doi = {10.1007/bf00184720},
}

@Article{frijters10,
  author = {Paul Frijters and Malathi Velamuri},
  journal = {Review of Network Economics},
  number = {2},
  pages = {online},
  title = {Is the Internet bad news? The online news era and the
                   market for high-quality news},
  volume = {9},
  year = {2010},
  doi = {10.2202/1446-9022.1187},
}

@Article{galtung65,
  author = {J. Galtung and M. H. Ruge},
  journal = {Journal of Peace Research},
  number = {1},
  pages = {64--91},
  title = {The Structure of Foreign News: The Presentation of
                   the {C}ongo, {C}uba and {C}yprus Crises in Four
                   {N}orwegian Newspapers},
  volume = {2},
  year = {1965},
  doi = {10.1177/002234336500200104},
}

@Article{golan06,
  author = {Guy Golan},
  journal = {Journalism Studies},
  number = {2},
  pages = {323--333},
  publisher = {Taylor \& Francis},
  title = {Inter-media agenda setting and global news coverage:
                   Assessing the influence of the {N}ew {Y}ork {T}imes on
                   three network television evening news programs},
  volume = {7},
  year = {2006},
  doi = {10.1080/14616700500533643},
}

@Article{granger88,
  author = {Clive WJ Granger},
  journal = {Journal of {E}conometrics},
  number = {1},
  pages = {199--211},
  publisher = {Elsevier},
  title = {Some recent development in a concept of causality},
  volume = {39},
  year = {1988},
  doi = {10.1016/0304-4076(88)90045-0},
}

@article{grimmer10,
  title={A Bayesian hierarchical topic model for political texts: Measuring expressed agendas in Senate press releases},
  author={Grimmer, Justin},
  journal={Political Analysis},
  volume={18},
  number={1},
  pages={1--35},
  year={2010},
  publisher={SPM-PMSAPSA},
  doi={10.1093/pan/mpp034}
}

@article{grimmer13,
  author = {Justin Grimmer and Brandon M Stewart},
  journal = {Political Analysis},
  number = {3},
  pages = {267--297},
  publisher = {SPM-PMSAPSA},
  title = {Text as data: The promise and pitfalls of automatic
                   content analysis methods for political texts},
  volume = {21},
  year = {2013},
  doi = {10.1093/pan/mps028},
}

@incollection{guibault12,
  author = {L Guibault},
  booktitle = {A century of Dutch copyright law: auteurswet
                   1912-2012},
  pages = {443--475},
  publisher = {deLex},
  editor = {Bernt Hugenholtz and Antoon Quaedvlieg and Dirk Visser},
  title = {The press exception in the Dutch copyright act},
  year = {2012},
}

@Article{harcup01,
  author = {T. Harcup and D. O'Neill},
  journal = {Journalism Studies},
  number = {2},
  pages = {261--280},
  title = {What Is News? {G}altung and {R}uge revisited},
  volume = {2},
  year = {2001},
  doi = {10.1080/14616700118449},
}

@Article{herbert07,
  author = {Jack Herbert and Neil Thurman},
  journal = {Journalism Practice},
  number = {2},
  pages = {208--226},
  publisher = {Taylor \& Francis},
  title = {Paid content strategies for news websites: An
                   empirical study of british newspapers’ online
                   business models},
  volume = {1},
  year = {2007},
  doi = {10.1080/17512780701275523},
}

@Article{hirsch77,
  author = {Paul Hirsch},
  journal = {Strategies for {C}ommunication {R}esearch},
  pages = {13--42},
  publisher = {Sage Beverly Hills},
  title = {Occupational, organizational and institutional models
                   in mass media research: Toward an integrated
                   framework},
  volume = {6},
  year = {1977},
}

@Article{hjarvard08,
  author = {Stig Hjarvard},
  journal = {Nordicom {R}eview},
  number = {2},
  pages = {105--134},
  title = {The mediatization of society},
  volume = {29},
  year = {2008},
}

@Article{hoffman06,
  author = {Lindsay H Hoffman},
  journal = {Journalism \& Mass Communication Quarterly},
  number = {1},
  pages = {58--76},
  publisher = {SAGE Publications},
  title = {Is Internet content different after all? {A} content
                   analysis of mobilizing information in online and
                   print newspapers},
  volume = {83},
  year = {2006},
  doi = {10.1177/107769900608300105},
}

@Article{hollanders08,
  author = {David Hollanders and Rens Vliegenthart},
  journal = {Communications},
  number = {1},
  pages = {47--68},
  title = {Telling what yesterday's news might be tomorrow:
                   Modeling media dynamics},
  volume = {33},
  year = {2008},
  doi = {10.1515/commun.2008.003},
}

@Article{jacobi15,
  author = {C. Jacobi and W. {Van Atteveldt} and K. Welbers},
  journal = {Digital Journalism},
  number = {1},
  pages = {89—106},
  title = {Quantitative analysis of large amounts of
                   journalistic texts using Topic Modeling},
  volume = {4},
  year = {2015},
  doi = {10.1080/21670811.2015.1093271},
}

@Article{jasperson98,
  author = {Amy E Jasperson and Dhavan V Shah and Mark Watts and Ronald J Faber and David P Fan},
  journal = {Political Communication},
  number = {2},
  pages = {205--224},
  publisher = {Taylor \& Francis},
  title = {Framing and the public agenda: Media effects on the
                   importance of the federal budget deficit},
  volume = {15},
  year = {1998},
  doi = {10.1080/10584609809342366},
}



@article{turney10,
  title={From frequency to meaning: Vector space models of semantics},
  author={Turney, Peter D and Pantel, Patrick and others},
  journal={Journal of artificial intelligence research},
  volume={37},
  number={1},
  pages={141--188},
  year={2010}
}

@misc{porter01,
  title={Snowball: A language for stemming algorithms},
  author={Porter, Martin F},
  year={2001}
}


@Article{johnston09,
  author = {Jane Johnston and Susan Forde},
  journal = {Global Media Journal-Australian Edition},
  number = {2},
  pages = {online},
  title = {'{N}ot wrong for long': The role and penetration of
                   news wire agencies in the 24/7 landscape},
  volume = {3},
  year = {2009},
}

@Manual{snowballc,
    title = {SnowballC: Snowball stemmers based on the C libstemmer UTF-8 library},
    author = {Milan Bouchet-Valat},
    year = {2014},
    note = {R package version 0.5.1},
    url = {https://CRAN.R-project.org/package=SnowballC},
  }

@Article{johnston11,
  author = {Jane Johnston and Susan Forde},
  journal = {International {J}ournal of {C}ommunication},
  pages = {195—214},
  title = {The silent partner: News agencies and 21st century news},
  volume = {5},
  year = {2011},
}

@Article{jurka13,
  author = {Timothy P Jurka and Loren Collingwood and Amber E Boydstun and Emiliano Grossman and Wouter {Van Atteveldt}},
  journal = {The {R} {J}ournal},
  number = {1},
  pages = {6--12},
  title = {{RTextTools: A supervised learning package for text
                   classification}},
  volume = {5},
  year = {2013},
}

@Article{klinenberg05,
  author = {Eric Klinenberg},
  journal = {The Annals of the American Academy of Political and
                   Social Science},
  number = {1},
  pages = {48--64},
  publisher = {Sage Publications},
  title = {Convergence: News production in a digital age},
  volume = {597},
  year = {2005},
  doi = {10.1177/0002716204270346},
}

@Article{knobloch04,
  author = {Silvia Knobloch and Grit Patzig and Anna-Maria Mende and Matthias Hastall},
  journal = {Communication Research},
  number = {3},
  pages = {259--287},
  publisher = {Sage Publications},
  title = {Affective news effects of discourse structure in
                   narratives on suspense, curiosity, and enjoyment
                   while reading news and novels},
  volume = {31},
  year = {2004},
  doi = {10.1177/0093650203261517},
}

@Article{landauer97,
  author = {Thomas K Landauer and Susan T Dumais},
  journal = {Psychological {R}eview},
  number = {2},
  pages = {211—240},
  publisher = {American Psychological Association},
  title = {A solution to {P}lato's problem: The latent semantic
                   analysis theory of acquisition, induction, and
                   representation of knowledge.},
  volume = {104},
  year = {1997},
  doi = {10.1037/0033-295x.104.2.211},
}

@Article{lee05,
  author = {Byoungkwan Lee and Karen M Lancendorfer and Ki Jung Lee},
  journal = {Asian {J}ournal of {C}ommunication},
  number = {1},
  pages = {57--71},
  publisher = {Taylor \& Francis},
  title = {Agenda-setting and the Internet: The intermedia
                   influence of Internet bulletin boards on newspaper
                   coverage of the 2000 general election in South Korea},
  volume = {15},
  year = {2005},
  doi = {10.1080/0129298042000329793},
}

@Article{lee07,
  author = {Jae Kook Lee},
  journal = {Journalism \& Mass Communication Quarterly},
  number = {4},
  pages = {745--760},
  publisher = {SAGE Publications},
  title = {The effect of the Internet on homogeneity of the
                   media agenda: A test of the fragmentation thesis},
  volume = {84},
  year = {2007},
  doi = {10.1177/107769900708400406},
}

@Article{lee12,
  author = {Angela M Lee and Seth C Lewis and Matthew Powers},
  journal = {Communication Research},
  number = {4},
  pages = {505-530},
  publisher = {SAGE Publications},
  title = {Audience Clicks and News Placement: A Study of
                   Time-Lagged Influence in Online Journalism},
  volume = {31},
  year = {2014},
  doi = {10.1177/0093650212467031},
}

@Article{lewin46,
  author = {Kurt Lewin},
  journal = {Journal of social issues},
  number = {4},
  pages = {34--46},
  title = {Action research and minority problems},
  volume = {2},
  year = {1946},
  doi = {10.1111/j.1540-4560.1946.tb02295.x},
}

@Article{lewin47,
  author = {Kurt Lewin},
  journal = {Human {R}elations},
  number = {2},
  pages = {143--153},
  publisher = {Sage Publications},
  title = {Frontiers in group dynamics {II}: {C}hannels of group
                   life; Social planning and action research},
  volume = {1},
  year = {1947},
  doi = {10.1177/001872674700100201},
}

@article{meyer08,
  title={Text mining infrastructure in R},
  author={Meyer, David and Hornik, Kurt and Feinerer, Ingo},
  journal={Journal of statistical software},
  volume={25},
  number={5},
  pages={1--54},
  year={2008},
  publisher={American Statistical Association}
}


@inproceedings{kohlschutter10,
  title={Boilerplate detection using shallow text features},
  author={Kohlsch{\"u}tter, Christian and Fankhauser, Peter and Nejdl, Wolfgang},
  booktitle={Proceedings of the third ACM international conference on Web search and data mining},
  pages={441--450},
  year={2010},
  organization={ACM}
}


@Article{lewis08,
  author = {Justin Lewis and Andrew Williams and Bob Franklin},
  journal = {Journalism Studies},
  number = {1},
  pages = {1--20},
  publisher = {Taylor \& Francis},
  title = {A compromised fourth estate? {UK} news journalism,
                   public relations and news sources},
  volume = {9},
  year = {2008},
  doi = {10.1080/14616700701767974},
}

@article{gunther16,
  title={Word counts and topic models: Automated text analysis methods for digital journalism research},
  author={G{\"u}nther, Elisabeth and Quandt, Thorsten},
  journal={Digital Journalism},
  volume={4},
  number={1},
  pages={75--88},
  year={2016},
  publisher={Taylor \& Francis}
}


@article{sebastiani02,
  title={Machine learning in automated text categorization},
  author={Sebastiani, Fabrizio},
  journal={ACM computing surveys (CSUR)},
  volume={34},
  number={1},
  pages={1--47},
  year={2002},
  publisher={ACM}
}


@article{trilling16,
  title={From newsworthiness to shareworthiness: how to predict news sharing based on article characteristics},
  author={Trilling, Damian and Tolochko, Petro and Burscher, Bj{\"o}rn},
  journal={Journalism \& Mass Communication Quarterly},
  pages={1077699016654682},
  year={2016},
  publisher={SAGE Publications}
}

@article{hillard08,
  title={Computer-assisted topic classification for mixed-methods social science research},
  author={Hillard, Dustin and Purpura, Stephen and Wilkerson, John},
  journal={Journal of Information Technology \& Politics},
  volume={4},
  number={4},
  pages={31--46},
  year={2008},
  publisher={Taylor \& Francis}
}

@article{wiedemann18,
  title={Proportional Classification Revisited: Automatic Content Analysis of Political Manifestos Using Active Learning},
  author={Wiedemann, Gregor},
  journal={Social Science Computer Review},
  pages={0894439318758389},
  year={2018},
  publisher={SAGE Publications Sage CA: Los Angeles, CA}
}


@article{burscher15,
  title={Using supervised machine learning to code policy issues: Can classifiers generalize across contexts?},
  author={Burscher, Bjorn and Vliegenthart, Rens and De Vreese, Claes H},
  journal={The Annals of the American Academy of Political and Social Science},
  volume={659},
  number={1},
  pages={122--131},
  year={2015},
  publisher={SAGE Publications Sage CA: Los Angeles, CA}
}


@article{leopold02,
  title={Text categorization with support vector machines. How to represent texts in input space?},
  author={Leopold, Edda and Kindermann, J{\"o}rg},
  journal={Machine Learning},
  volume={46},
  number={1},
  pages={423--444},
  year={2002},
  publisher={Springer}
}


@article{crone06,
  title={The impact of preprocessing on data mining: An evaluation of classifier sensitivity in direct marketing},
  author={Crone, Sven F and Lessmann, Stefan and Stahlbock, Robert},
  journal={European Journal of Operational Research},
  volume={173},
  number={3},
  pages={781--800},
  year={2006},
  publisher={Elsevier}
}

@article{hofmann01,
  title={Unsupervised learning by probabilistic latent semantic analysis},
  author={Hofmann, Thomas},
  journal={Machine learning},
  volume={42},
  number={1},
  pages={177--196},
  year={2001},
  publisher={Springer}
}


@article{tausczik10,
  author = {Yla R. Tausczik and James W. Pennebaker},
  title = {The Psychological Meaning of Words: LIWC and Computerized Text Analysis Methods},
  journal = {Journal of Language and Social Psychology},
  volume = {29},
  number = {1},
  pages = {24-54},
  year = {2010},
  doi = {10.1177/0261927X09351676}
}

@article{denny18,
  title={Text preprocessing for unsupervised learning: why it matters, when it misleads, and what to do about it},
  author={Denny, Matthew J and Spirling, Arthur},
  journal={Political Analysis},
  pages={1--22},
  year={2018},
  publisher={Cambridge University Press}
}


@inproceedings{baccianella10,
  title={Sentiwordnet 3.0: an enhanced lexical resource for sentiment analysis and opinion mining.},
  author={Baccianella, Stefano and Esuli, Andrea and Sebastiani, Fabrizio},
  booktitle={LREC},
  volume={10},
  number={2010},
  pages={2200--2204},
  year={2010}
}


@article{hart01,
  title={Redeveloping DICTION: theoretical considerations},
  author={Hart, Roderick P},
  journal={Progress in communication sciences},
  pages={43--60},
  year={2001},
  publisher={ABLEX PUBLISHING CORPORATION}
}



@article{pennebaker01,
  title={Linguistic inquiry and word count: LIWC 2001},
  author={Pennebaker, James W and Francis, Martha E and Booth, Roger J},
  journal={Mahway: Lawrence Erlbaum Associates},
  volume={71},
  number={2001},
  pages={2001},
  year={2001}
}


@article{taboada11,
  title={Lexicon-based methods for sentiment analysis},
  author={Taboada, Maite and Brooke, Julian and Tofiloski, Milan and Voll, Kimberly and Stede, Manfred},
  journal={Computational linguistics},
  volume={37},
  number={2},
  pages={267--307},
  year={2011},
  publisher={MIT Press}
}


@Article{leydesdorff11,
  author = {Loet Leydesdorff and Kasper Welbers},
  journal = {Journal of Informetrics},
  number = {3},
  pages = {469--475},
  publisher = {Elsevier},
  title = {The semantic mapping of words and co-words in
                   contexts},
  volume = {5},
  year = {2011},
  doi = {10.1016/j.joi.2011.01.008},
}

@article{mostafa13,
title = "More than words: Social networks’ text mining for consumer brand sentiments",
journal = "Expertat Systems with Applications",
volume = "40",
number = "10",
pages = "4241 - 4251",
year = "2013",
note = "",
issn = "0957-4174",
doi = "http://dx.doi.org/10.1016/j.eswa.2013.01.019",
url = "http://www.sciencedirect.com/science/article/pii/S0957417413000328",
author = "Mohamed M. Mostafa",
}

@article{flesch48,
  title={A new readability yardstick.},
  author={Flesch, Rudolph},
  journal={Journal of applied psychology},
  volume={32},
  number={3},
  pages={221},
  year={1948},
  publisher={American Psychological Association}
}


@article{mccarthy10,
  title={MTLD, vocd-D, and HD-D: A validation study of sophisticated approaches to lexical diversity assessment},
  author={McCarthy, Philip M and Jarvis, Scott},
  journal={Behavior research methods},
  volume={42},
  number={2},
  pages={381--392},
  year={2010},
  publisher={Springer}
}


@article{schuck11,
  title={Party contestation and Europe on the news agenda: The 2009 European Parliamentary Elections},
  author={Schuck, Andreas RT and Xezonakis, Georgios and Elenbaas, Matthijs and Banducci, Susan A and De Vreese, Claes H},
  journal={Electoral Studies},
  volume={30},
  number={1},
  pages={41--52},
  year={2011},
  publisher={Elsevier},
  doi={10.1016/j.electstud.2010.09.021}
}


@article{schultz12,
  title={Strategic framing in the BP crisis: A semantic network analysis of associative frames},
  author={Schultz, Friederike and Kleinnijenhuis, Jan and Oegema, Dirk and Utz, Sonja and {Van Atteveldt}, Wouter},
  journal={Public Relations Review},
  volume={38},
  number={1},
  pages={97--107},
  year={2012},
  publisher={Elsevier},
  doi={10.1016/j.pubrev.2011.08.003}
}


@article{vlieger11,
  title={Content analysis and the measurement of meaning: The visualization of frames in collections of messages},
  author={Vlieger, Esther and Leydesdorff, Loet},
  journal={Public Journal of Semiotics},
  volume={3},
  number={1},
  pages={28--50},
  year={2011}
}

@article{jonkman13,
  title={From risk to safety: Implicit frames of third-party airport risk in Dutch quality newspapers between 1992 and 2009},
  author={Jonkman, Jeroen and Verhoeven, Piet},
  journal={Safety science},
  volume={58},
  pages={1--10},
  year={2013},
  publisher={Elsevier}
}

@inproceedings{sevenans14,
  title={The Automated Coding of Policy Agendas: A Dictionary Based Approach (v. 2.0.)},
  author={Sevenans, Julie and Albaugh, Quinn and Shahaf, Tal and Soroka, Stuart and Walgrave, Stefaan},
  booktitle={7th annual Comparative Agendas Project (CAP) conference, Konstanz, June},
  pages={12--14},
  year={2014}
}

@inproceedings{joachims98,
  title={Text categorization with support vector machines: Learning with many relevant features},
  author={Joachims, Thorsten},
  booktitle={European conference on machine learning},
  pages={137--142},
  year={1998},
  organization={Springer}
}


@article{kleinnijenhuis14,
  title={Frame complexity and the financial crisis: A comparison of the United States, the United Kingdom, and Germany in the period 2007--2012},
  author={Kleinnijenhuis, Jan and Schultz, Friederike and Oegema, Dirk},
  journal={Journal of Communication},
  volume={65},
  number={1},
  pages={1--23},
  year={2014},
  publisher={Oxford University Press},
  doi={10.1111/jcom.12141}
}


@article{noije08,
  title={Loss of parliamentary control due to mediatization and Europeanization: A longitudinal and cross-sectional analysis of agenda building in the United Kingdom and the Netherlands},
  author={Van Noije, Lonneke and Kleinnijenhuis, Jan AN and Oegema, Dirk},
  journal={British Journal of Political Science},
  volume={38},
  number={3},
  pages={455--478},
  year={2008},
  publisher={Cambridge University Press},
  doi={10.1017/S0007123408000239}
}

@article{kleinnijenhuis16,
  title={The impact of the explosion of EU News on voter choice in the 2014 EU Elections},
  author={Kleinnijenhuis, Jan and van Atteveldt, Wouter},
  journal={Politics and Governance},
  volume={4},
  number={1},
  year={2016},
  publisher={Cogitatio Press},
  doi={10.17645/pag.v4i1.471}
}


@article{zoizner17,
  author = {Alon Zoizner and Tamir Sheafer and Stefaan Walgrave},
  title ={How Politicians’ Attitudes and Goals Moderate Political Agenda Setting by the Media},
  journal = {The International Journal of Press/Politics},
  volume = {22},
  number = {4},
  pages = {431-449},
  year = {2017},
  doi = {10.1177/1940161217723149},

  URL = { 
          https://doi.org/10.1177/1940161217723149

  },
  eprint = { 
          https://doi.org/10.1177/1940161217723149

}}

@Article{marshall98,
  author = {Eliot Marshall},
  journal = {Science},
  number = {5366},
  pages = {996--997},
  publisher = {American Association for the Advancement of Science},
  title = {The power of the front page of The {N}ew {Y}ork {T}imes},
  volume = {280},
  year = {1998},
  doi = {10.1126/science.280.5366.996},
}

@article{gemenis13,
  title={What to do (and not to do) with the comparative manifestos project data},
  author={Gemenis, Kostas},
  journal={Political Studies},
  volume={61},
  number={1\_suppl},
  pages={3--23},
  year={2013},
  publisher={SAGE Publications Sage UK: London, England}
}


@Article{martin98,
  author = {Shannon E Martin},
  journal = {Newspaper Research Journal},
  number = {2},
  pages = {64—74},
  publisher = {Association for Education in Journalism and Mass
                   Communication},
  title = {How news gets from paper to its online counterpart},
  volume = {19},
  year = {1998},
}

@Article{matheson04,
  author = {Donald Matheson},
  journal = {New {M}edia \& {S}ociety},
  number = {4},
  pages = {443--468},
  publisher = {Sage Publications},
  title = {Weblogs and the epistemology of the news: Some trends
                   in online journalism},
  volume = {6},
  year = {2004},
  doi = {10.1177/146144804044329},
}

@Article{mccombs05,
  author = {Maxwell McCombs},
  journal = {Journalism {S}tudies},
  number = {4},
  pages = {543--557},
  publisher = {Taylor \& Francis},
  title = {A look at agenda-setting: Past, present and future},
  volume = {6},
  year = {2005},
  doi = {10.1080/14616700500250438},
}

@Article{mccombs72,
  author = {Maxwell E. McCombs and Donald L. Shaw},
  journal = {Public Opinion Quarterly},
  number = {2},
  pages = {176--187},
  title = {The Agenda-Setting Function of Mass Media},
  volume = {36},
  year = {1972},
  doi = {10.1086/267990},
}

@Article{mccombs93,
  author = {Maxwell E. McCombs and Donald L. Shaw},
  journal = {Journal of {C}ommunication},
  number = {2},
  pages = {58--67},
  title = {The evolution of agenda-setting research: Twenty-five
                   years in the marketplace of ideas},
  volume = {43},
  year = {1993},
  doi = {10.1111/j.1460-2466.1993.tb01262.x},
}

@Article{mcmanus95,
  author = {John McManus},
  journal = {Communication Theory},
  number = {4},
  pages = {301--338},
  publisher = {Wiley Online Library},
  title = {A market-based model of news production},
  volume = {5},
  year = {1995},
  doi = {10.1111/j.1468-2885.1995.tb00113.x},
}

@Article{mcnelly59,
  author = {John T McNelly},
  journal = {Journalism \& Mass Communication Quarterly},
  number = {1},
  pages = {23--26},
  publisher = {SAGE Publications},
  title = {Intermediary communicators in the international flow
                   of news},
  volume = {36},
  year = {1959},
  doi = {10.1177/107769905903600103},
}

@Article{meraz09,
  author = {Sharon Meraz},
  journal = {Journal of Computer-Mediated Communication},
  number = {3},
  pages = {682--707},
  publisher = {Wiley Online Library},
  title = {Is there an elite hold? {T}raditional media to social
                   media agenda setting influence in blog networks},
  volume = {14},
  year = {2009},
  doi = {10.1111/j.1083-6101.2009.01458.x},
}

@Article{meraz11,
  author = {Sharon Meraz},
  journal = {Journalism \& Mass Communication Quarterly},
  number = {1},
  pages = {176--194},
  publisher = {SAGE Publications},
  title = {Using time series analysis to measure intermedia
                   agenda-setting influence in traditional media and
                   political blog networks},
  volume = {88},
  year = {2011},
}

@Article{mitchelstein09,
  author = {Eugenia Mitchelstein and Pablo J Boczkowski},
  journal = {Journalism},
  number = {5},
  pages = {562--586},
  publisher = {SAGE Publications},
  title = {Between tradition and change: {A} review of recent
                   research on online news production},
  volume = {10},
  year = {2009},
  doi = {10.1177/1464884909106533},
}

@Article{monroe08,
  author = {Burt L Monroe and Michael P Colaresi and Kevin M Quinn},
  journal = {Political Analysis},
  number = {4},
  pages = {372--403},
  publisher = {SPM-PMSAPSA},
  title = {Fightin'words: Lexical feature selection and
                   evaluation for identifying the content of political
                   conflict},
  volume = {16},
  year = {2008},
  doi = {10.1093/pan/mpn018},
}



@article{quinn10,
  title={How to analyze political attention with minimal assumptions and costs},
  author={Quinn, Kevin M and Monroe, Burt L and Colaresi, Michael and Crespin, Michael H and Radev, Dragomir R},
  journal={American Journal of Political Science},
  volume={54},
  number={1},
  pages={209--228},
  year={2010},
  publisher={Wiley Online Library}
}

@Article{napoli99,
  author = {Philip M Napoli},
  journal = {Journal of {C}ommunication},
  number = {4},
  pages = {7--34},
  publisher = {Wiley Online Library},
  title = {Deconstructing the diversity principle},
  volume = {49},
  year = {1999},
  doi = {10.1093/joc/49.4.7},
}

@Article{otte02,
  author = {Evelien Otte and Ronald Rousseau},
  journal = {Journal of {I}nformation Science},
  number = {6},
  pages = {441--453},
  publisher = {Sage Publications},
  title = {Social network analysis: a powerful strategy, also
                   for the information sciences},
  volume = {28},
  year = {2002},
  doi = {10.1177/016555150202800601},
}

@Article{paulussen07,
  author = {Steve Paulussen and Ari Heinonen and David Domingo and Thorsten Quandt},
  journal = {Observatorio},
  number = {3},
  pages = {131—154},
  title = {Doing it together: Citizen participation in the
                   professional news making process},
  volume = {1},
  year = {2007},
}

@Article{perlmutter07,
  author = {David D Perlmutter and Mary Schoen},
  journal = {Journal of Mass Media Ethics},
  number = {1},
  pages = {37--48},
  publisher = {Taylor \& Francis},
  title = {{"}{I}f {I} Break a Rule, What Do {I} Do, Fire Myself?{"}
                   {E}thics Codes of Independent Blogs},
  volume = {22},
  year = {2007},
  doi = {10.1080/08900520701315269},
}

@Article{reich14,
  author = {Zvi Reich and Yigal Godler},
  journal = {Journalism Studies},
  number = {5},
  pages = {607--618},
  publisher = {Taylor \& Francis},
  title = {A Time of Uncertainty: The effects of reporters' time
                   schedule on their work},
  volume = {15},
  year = {2014},
  doi = {10.1080/1461670x.2014.882484},
}

@Article{roberts02,
  author = {Marilyn Roberts and Wayne Wanta and Tzong-Horng Dustin Dzwo},
  journal = {Communication Research},
  number = {4},
  pages = {452--465},
  publisher = {SAGE Publications},
  title = {Agenda setting and issue salience online},
  volume = {29},
  year = {2002},
  doi = {10.1177/0093650202029004004},
}

@Article{roberts94,
  author = {Marilyn Roberts and Maxwell McCombs},
  journal = {Political Communication},
  number = {3},
  pages = {249--262},
  publisher = {Taylor \& Francis},
  title = {Agenda setting and political advertising: Origins of
                   the news agenda},
  volume = {11},
  year = {1994},
  doi = {10.1080/10584609.1994.9963030},
}

@Article{ryfe06,
  author = {David Michael Ryfe},
  journal = {Political Communication},
  number = {2},
  pages = {135--144},
  publisher = {Taylor \& Francis},
  title = {Guest editor's introduction: New institutionalism and
                   the news},
  volume = {23},
  year = {2006},
  doi = {10.1080/10584600600728109},
}

@Article{salton75,
  author = {Gerard Salton and Anita Wong and Chung-Shu Yang},
  journal = {Communications of the ACM},
  number = {11},
  pages = {613--620},
  publisher = {ACM},
  title = {A vector space model for automatic indexing},
  volume = {18},
  year = {1975},
  doi = {10.1145/361219.361220},
}

@Article{salton83,
  author = {Gerard Salton and Edward A Fox and Harry Wu},
  journal = {Communications of the ACM},
  number = {11},
  pages = {1022--1036},
  publisher = {ACM},
  title = {Extended Boolean information retrieval},
  volume = {26},
  year = {1983},
  doi = {10.1145/182.358466},
}

@Article{scheufele99,
  author = {D. A. Scheufele},
  journal = {Journal of {C}ommunication},
  number = {1},
  pages = {103--123},
  title = {Framing as a Theory of Media Effects},
  volume = {49},
  year = {1999},
  doi = {10.1093/joc/49.1.103},
}

@Article{scott11,
  author = {John Scott},
  journal = {Social network analysis and mining},
  number = {1},
  pages = {21--26},
  publisher = {Springer},
  title = {Social network analysis: {D}evelopments, advances, and
                   prospects},
  volume = {1},
  year = {2011},
  doi = {10.1007/s13278-010-0012-6},
}

@Article{shoemaker96hardwired,
  author = {Pamela J Shoemaker},
  journal = {Journal of {C}ommunication},
  number = {3},
  pages = {32--47},
  publisher = {Wiley Online Library},
  title = {Hardwired for news: Using biological and cultural
                   evolution to explain the surveillance function},
  volume = {46},
  year = {1996},
  doi = {10.1111/j.1460-2466.1996.tb01487.x},
}

@Article{singer01,
  author = {Jane B Singer},
  journal = {Journalism \& Mass Communication Quarterly},
  number = {1},
  pages = {65--80},
  publisher = {SAGE Publications},
  title = {The metro wide Web: Changes in newspapers'
                   gatekeeping role online},
  volume = {78},
  year = {2001},
  doi = {10.1177/107769900107800105},
}

@Article{singer11,
  author = {Jane B Singer},
  journal = {Journalism Practice},
  number = {6},
  pages = {623--642},
  publisher = {Taylor \& Francis},
  title = {Community service: Editor pride and user preference
                   on local newspaper websites},
  volume = {5},
  year = {2011},
  doi = {10.1080/17512786.2011.601938},
}

@Article{singer97,
  author = {Jane B Singer},
  journal = {Convergence: The International Journal of Research
                   into New Media Technologies},
  number = {1},
  pages = {72--89},
  publisher = {Sage Publications},
  title = {Still guarding the gate? {T}he newspaper journalist's
                   role in an on-line world},
  volume = {3},
  year = {1997},
  doi = {10.1177/135485659700300106},
}

@article{soroka12,
  title={The gatekeeping function: Distributions of information in media and the real world},
  author={Soroka, Stuart N},
  journal={The Journal of Politics},
  volume={74},
  number={02},
  pages={514--528},
  year={2012},
  publisher={Cambridge Univ Press}
}

@Article{sparck72,
  author = {Karen {Sparck Jones}},
  journal = {Journal of {D}ocumentation},
  number = {1},
  pages = {11--21},
  publisher = {MCB UP},
  title = {A statistical interpretation of term specificity and
                   its application in retrieval},
  volume = {28},
  year = {1972},
  doi = {10.1108/eb026526},
}


@article{ju14,
  title={Will social media save newspapers? Examining the effectiveness of Facebook and Twitter as news platforms},
  author={Ju, Alice and Jeong, Sun Ho and Chyi, Hsiang Iris},
  journal={Journalism Practice},
  volume={8},
  number={1},
  pages={1--17},
  year={2014},
  publisher={Taylor \& Francis}
}

@incollection{hansen11,
  title={Good friends, bad news-affect and virality in twitter},
  author={Hansen, Lars Kai and Arvidsson, Adam and Nielsen, Finn {\AA}rup and Colleoni, Elanor and Etter, Michael},
  booktitle={Future information technology},
  pages={34--43},
  year={2011},
  publisher={Springer}
}


@article{Staab90,
	doi = {10.1177/0267323190005004003},
	year = 1990,
	publisher = {{SAGE} Publications},
	volume = {5},
	number = {4},
	pages = {423--443},
	author = {J. F. Staab},
	title = {The Role of News Factors in News Selection: A Theoretical Reconsideration},
	journal = {European {J}ournal of {C}ommunication}
}

@article{klinger13,
  title={Mastering the art of social media: Swiss parties, the 2011 national election and digital challenges},
  author={Klinger, Ulrike},
  journal={Information, Communication \& Society},
  volume={16},
  number={5},
  pages={717--736},
  year={2013},
  publisher={Taylor \& Francis}
}


@Article{stromback08,
  author = {Jesper Str{\"o}mb{\"a}ck},
  journal = {The International Journal of Press/Politics},
  number = {3},
  pages = {228—246},
  title = {{Four Phases of Mediatization: An Analysis of the
                   Mediatization of Politics}},
  volume = {13},
  year = {2008},
  doi = {10.1177/1940161208319097},
}

@Article{stromback12,
  author = {Jesper Str{\"o}mb{\"a}ck and Michael Karlsson and David Nicolas Hopmann},
  journal = {Journalism Studies},
  number = {5-6},
  pages = {718--728},
  publisher = {Taylor \& Francis},
  title = {Determinants of news content: Comparing
                   journalists’ perceptions of the normative and
                   actual impact of different event properties when
                   deciding what's news},
  volume = {13},
  year = {2012},
  doi = {10.1080/1461670x.2012.664321},
}

@Article{stroud08,
  author = {Natalie Jomini Stroud},
  journal = {Political Behavior},
  number = {3},
  pages = {341--366},
  publisher = {Springer},
  title = {Media use and political predispositions: Revisiting
                   the concept of selective exposure},
  volume = {30},
  year = {2008},
  doi = {10.1007/s11109-007-9050-9},
}

@Article{sweetser08,
  author = {Kaye D Sweetser and Guy J Golan and Wayne Wanta},
  journal = {Mass Communication \& Society},
  number = {2},
  pages = {197--216},
  publisher = {Taylor \& Francis},
  title = {Intermedia agenda setting in television, advertising,
                   and blogs during the 2004 election},
  volume = {11},
  year = {2008},
  doi = {10.1080/15205430701590267},
}

@Article{tewksbury00,
  author = {David Tewksbury and Scott L Althaus},
  journal = {Journalism \& Mass Communication Quarterly},
  number = {3},
  pages = {457--479},
  publisher = {SAGE Publications},
  title = {Differences in knowledge acquisition among readers of
                   the paper and online versions of a national
                   newspaper},
  volume = {77},
  year = {2000},
  doi = {10.1177/107769900007700301},
}

@Article{tewksbury05,
  author = {David Tewksbury},
  journal = {Journal of {B}roadcasting \& {E}lectronic {M}edia},
  number = {3},
  pages = {332--348},
  publisher = {Taylor \& Francis},
  title = {The seeds of audience fragmentation: Specialization
                   in the use of online news sites},
  volume = {49},
  year = {2005},
  doi = {10.1207/s15506878jobem4903_5},
}

@Article{tuchman72,
  author = {Gaye Tuchman},
  journal = {American Journal of sociology},
  number = {4},
  pages = {660--679},
  publisher = {JSTOR},
  title = {Objectivity as strategic ritual: An examination of
                   newsmen's notions of objectivity},
  volume = {77},
  year = {1972},
  doi = {10.1086/225193},
}

@Article{tuchman73,
  author = {Gaye Tuchman},
  journal = {American Journal of Sociology},
  number = {1},
  pages = {110--131},
  publisher = {JSTOR},
  title = {Making news by doing work: Routinizing the
                   unexpected},
  volume = {79},
  year = {1973},
  doi = {10.1086/225510},
}

@Article{tuchman77,
  author = {Gaye Tuchman},
  journal = {Strategies for {C}ommunication {R}esearch},
  pages = {43--62},
  publisher = {Sage Publications Beverly Hills},
  title = {The exception proves the rule: The study of routine
                   news practice},
  volume = {6},
  year = {1977},
}

@Article{usher13,
  author = {Nikki Usher},
  journal = {Digital Journalism},
  number = {3},
  pages = {335--351},
  publisher = {Taylor \& Francis},
  title = {{A}l {J}azeera {E}nglish online: Understanding Web
                   metrics and news production when a quantified
                   audience is not a commodified audience},
  volume = {1},
  year = {2013},
  doi = {10.1080/21670811.2013.801690},
}

@Article{vliegenthart08,
  author = {R. Vliegenthart and S. Walgrave},
  journal = {Journalism and Mass Communication Quarterly},
  number = {4},
  pages = {860--877},
  title = {{The contingency of intermedia agenda-setting. A
                   longitudinal study in Belgium}},
  volume = {85},
  year = {2008},
  doi = {10.1177/107769900808500409},
}

@Article{vu13,
  author = {Hong Tien Vu},
  journal = {Journalism},
  number = {8},
  pages = {1094--1110},
  publisher = {SAGE Publications},
  title = {The online audience as gatekeeper: The influence of
                   reader metrics on news editorial selection},
  volume = {15},
  year = {2014},
  doi = {10.1177/1464884913504259},
}

@article{boyd08,
  title={Can social network sites enable political action},
  author={Boyd, Danah},
  journal={International Journal of Media and Cultural Politics},
  volume={4},
  number={2},
  pages={241--244},
  year={2008}
}

@inproceedings{griffiths04hierarchical,
  title={Hierarchical topic models and the nested chinese restaurant process},
  author={Griffiths, Thomas L and Jordan, Michael I and Tenenbaum, Joshua B and Blei, David M},
  booktitle={Advances in neural information processing systems},
  pages={17--24},
  year={2004}
}



@article{griffiths04,
  title={Finding scientific topics},
  author={Griffiths, Thomas L and Steyvers, Mark},
  journal={Proceedings of the National academy of Sciences},
  volume={101},
  number={suppl 1},
  pages={5228--5235},
  year={2004},
  publisher={National Acad Sciences}
}


@article{boyd07,
  title={Social network sites: Definition, history, and scholarship},
  author={Danah M Boyd and Nicole B Ellison},
  journal={Journal of Computer-Mediated Communication},
  volume={13},
  number={1},
  pages={210--230},
  year={2007},
  publisher={Wiley Online Library}
}


@inproceedings{yang97,
  title={A comparative study on feature selection in text categorization},
  author={Yang, Yiming and Pedersen, Jan O},
  booktitle={Icml},
  volume={97},
  pages={412--420},
  year={1997}
}


@Article{webster12,
  author = {James G Webster and Thomas B Ksiazek},
  journal = {Journal of {C}ommunication},
  number = {1},
  pages = {39--56},
  publisher = {Wiley Online Library},
  title = {The dynamics of audience fragmentation: Public
                   attention in an age of digital media},
  volume = {62},
  year = {2012},
  doi = {10.1111/j.1460-2466.2011.01616.x},
}

@Manual{matrix,
    title = {Matrix: Sparse and Dense Matrix Classes and Methods},
    author = {Douglas Bates and Martin Maechler},
    year = {2015},
    note = {R package version 1.2-3},
    url = {https://CRAN.R-project.org/package=Matrix},
  }


@article{welbers15,
  title={News selection criteria in the digital age: Professional norms versus online audience metrics},
  author={Welbers, Kasper and {Van Atteveldt}, Wouter and Kleinnijenhuis, Jan and Ruigrok, Nel and Schaper, Joep},
  journal={Journalism},
  pages={1464884915595474},
  year={2015},
  publisher={SAGE Publications},
  doi={10.1177/1464884915595474}
}

@article{welbers16,
  title={A Gatekeeper among Gatekeepers: News agency influence in print and online newspapers in the Netherlands},
  author={Welbers, Kasper and {Van Atteveldt}, Wouter and Kleinnijenhuis, Jan and Ruigrok, Nel},
  journal={Journalism Studies},
  pages={1--19},
  year={2016},
  publisher={Taylor \& Francis}
}



@Article{welbers14,
  author = {Kasper Welbers and Wouter {de Nooy}},
  journal = {American Behavioral Scientist},
  number = {10},
  pages = {1361—1375},
  publisher = {SAGE Publications},
  title = {Stylistic Accommodation on an Internet Forum as
                   Bonding: {D}o Posters Adapt to the Style of Their
                   Peers?},
  volume = {58},
  year = {2014},
  doi = {10.1177/0002764214527086},
}

@Article{wever06,
  author = {Bram {De Wever} and Tammy Schellens and Martin Valcke and Hilde {Van Keer}},
  journal = {Computers \& Education},
  number = {1},
  pages = {6--28},
  publisher = {Elsevier},
  title = {Content analysis schemes to analyze transcripts of
                   online asynchronous discussion groups: A review},
  volume = {46},
  year = {2006},
  doi = {10.1016/j.compedu.2005.04.005},
}

@Article{white50,
  author = {David Manning White},
  journal = {Journalism {Q}uarterly},
  number = {4},
  pages = {383--390},
  publisher = {McGraw-Hill},
  title = {The gatekeeper: A case study in the selection of
                   news},
  volume = {27},
  year = {1950},
}

@Article{wieten79,
  author = {Jan Wieten},
  journal = {Media, Culture \& Society},
  number = {2},
  pages = {171--180},
  publisher = {Sage Publications},
  title = {Media pluralism: {T}he policy of the {D}utch government},
  volume = {1},
  year = {1979},
  doi = {10.1177/016344377900100205},
}

@Article{williams00,
  author = {Bruce Williams and Michael Carpini},
  journal = {Journalism},
  number = {1},
  pages = {61--85},
  publisher = {SAGE Publications},
  title = {Unchained reaction The collapse of media gatekeeping
                   and the {C}linton--{L}ewinsky scandal},
  volume = {1},
  year = {2000},
  doi = {10.1177/146488490000100113},
}


############# other refs
@Book{altheide79,
  author = {David L Altheide and Robert P Snow},
  publisher = {Sage},
  title = {Media logic},
  year = {1979}
}

@Book{anderson07,
  author = {Peter J Anderson and Geoff Ward},
  publisher = {Ashgate Publishing},
  title = {The future of journalism in the advanced democracies},
  year = {2007},
}

@Book{anderson10,
  author = {Chris Anderson},
  publisher = {Random House},
  title = {The Long Tail: How Endless Choice is Creating
                   Unlimited Demand},
  year = {2010},
}

@Book{atteveldtphd,
  author = {Wouter {Van Atteveldt}},
  publisher = {BookSurge},
  title = {Semantic Network Analysis: Techniques for Extracting,
                   Representing, and Querying Media Content
                   (dissertation)},
  year = {2008}
}

@Book{bagdikian83,
  author = {Ben H Bagdikian},
  publisher = {Beacon Press},
  title = {The media monopoly},
  year = {1983},
}

@Book{bakker11,
  author = {Piet Bakker and Otto Scholten},
  publisher = {Kluwer},
  title = {Communicatiekaart van {N}ederland. {O}verzicht van media
                   en communicatie (achtste geheel herziene druk)},
  year = {2011}
 }
 



@Book{boczkowski04,
  author = {Pablo J Boczkowski},
  publisher = {The MIT Press},
  title = {Digitizing the news: Innovation in online newspapers},
  year = {2004},
}

@Book{boczkowski10,
  author = {Pablo J Boczkowski},
  publisher = {University of Chicago Press},
  title = {News at work: Imitation in an age of information
                   abundance},
  year = {2010},
}

@inproceedings{wang12,
  title={Group matrix factorization for scalable topic modeling},
  author={Wang, Quan and Cao, Zheng and Xu, Jun and Li, Hang},
  booktitle={Proceedings of the 35th international ACM SIGIR conference on Research and development in information retrieval},
  pages={375--384},
  year={2012},
  organization={ACM}
}

@article{greene17,
  title={Exploring the political agenda of the European parliament using a dynamic topic modeling approach},
  author={Greene, Derek and Cross, James P},
  journal={Political Analysis},
  volume={25},
  number={1},
  pages={77--94},
  year={2017},
  publisher={Cambridge University Press}
}

@Book{cook05,
  author = {T.E. Cook},
  publisher = {University of Chicago Press},
  title = {{Governing with the news: {T}he news media as a
                   Political institution (2nd ed.)}},
  year = {2005}
}


@Book{dahl98,
  author = {Robert Dahl},
  publisher = {Yale University Press},
  title = {On {D}emocracy},
  year = {1998}
}

@Book{davies11,
  author = {Nick Davies},
  publisher = {Random House},
  title = {Flat Earth news: An award-winning reporter exposes
                   falsehood, distortion and propaganda in the global
                   media},
  year = {2008}
}

@Book{dearing96,
  author = {J. W. Dearing and E. M. Rogers},
  publisher = {Sage},
  title = {Agenda setting},
  year = {1996}
}

@Book{epstein74,
  author = {E.J. Epstein},
  publisher = {Vintage Books},
  title = {News from nowhere: {T}elevision and the news},
  year = {1974},
  series = {Vintage Political Science and Social Criticism},
}

@Book{gans79,
  author = {H. Gans},
  publisher = {Vintage Books},
  title = {Deciding What's News},
  year = {1979}
}

@Book{giddens79,
  author = {Anthony Giddens},
  publisher = {University of California Press},
  title = {Central problems in social theory: action, structure
                   and contradictions in social analysis},
  year = {1979},
  volume = {241},
}

@Book{hamilton04,
  author = {James Hamilton},
  publisher = {Princeton University Press},
  title = {All the news that's fit to sell: How the market
                   transforms information into news},
  year = {2004},
}

@Book{hardt79,
  author = {Hanno Hardt},
  publisher = {Sage},
  title = {Social Theories of the Press: {E}arly German \&
                   American Perspectives.},
  year = {1979},
}

@Book{hindman08,
  author = {Matthew Hindman},
  publisher = {Princeton University Press},
  title = {The myth of digital democracy},
  year = {2008},
}

@inproceedings{diab09,
  title={Second generation AMIRA tools for Arabic processing: Fast and robust tokenization, POS tagging, and base phrase chunking},
  author={Diab, Mona},
  booktitle={2nd International Conference on Arabic Language Resources and Tools},
  volume={110},
  year={2009}
}


@inproceedings{webster92,
  title={Tokenization as the initial phase in NLP},
  author={Webster, Jonathan J and Kit, Chunyu},
  booktitle={Proceedings of the 14th conference on Computational linguistics-Volume 4},
  pages={1106--1110},
  year={1992},
  organization={Association for Computational Linguistics}
}


@Book{kleinnijenhuis03,
  author = {Jan Kleinnijenhuis and Dirk Oegema and Jan A. {de Ridder} and Anita M. J. {Van Hoof} and Rens Vliegenthart},
  publisher = {Kluwer},
  title = {De puinhopen in het nieuws},
  year = {2003},
  series = {Communicatie Dossier},
}

@article{kanaris07,
  title={Words versus character n-grams for anti-spam filtering},
  author={Kanaris, Ioannis and Kanaris, Konstantinos and Houvardas, Ioannis and Stamatatos, Efstathios},
  journal={International Journal on Artificial Intelligence Tools},
  volume={16},
  number={06},
  pages={1047--1067},
  year={2007},
  publisher={World Scientific}
}


@Book{kleinnijenhuis90,
  author = {Jan Kleinnijenhuis},
  publisher = {VU University Press},
  title = {Op zoek naar nieuws: {O}nderzoek naar journalistieke
                   informatieverwerking en politiek},
  year = {1990},
}

@inproceedings{stamatatos06,
  title={Ensemble-based author identification using character n-grams},
  author={Stamatatos, Efstathios and others},
  booktitle={Proceedings of the 3rd International Workshop on Text-based Information Retrieval},
  volume={36},
  pages={41--46},
  year={2006}
}


@incollection{kleinnijenhuis03_volgen,
  title={Het publiek volgt media die de politiek volgen},
  author={Kleinnijenhuis, Jan},
  booktitle={Medialogica. Over het krachtenveld tussen burgers, media en politiek},
  pages={151--212},
  year={2003},
  publisher={RMO}
}

@inproceedings{choueka88,
  title={Looking for needles in a haystack or locating interesting collocational expressions in large textual databases},
  author={Choueka, Yaacov},
  booktitle={RIAO 88:(Recherche d'Information Assist{\'e}e par Ordinateur). Conference},
  pages={609--623},
  year={1988}
}


@Book{krippendorff12,
  author = {Klaus Krippendorff},
  publisher = {Sage},
  title = {Content analysis: An introduction to its methodology},
  year = {2012},
}

@Book{lazarsfeld44,
  author = {P. F. Lazarsfeld and B. R. Berelson and H. Gaudet},
  publisher = {Duell, Sloan, and Pearce},
  title = {The people's choice: {How} the voter makes up his
                   mind in a presidential campaign (3rd ed.)},
  year = {1944}
}


@article{wild17,
  author = {Fridolin Wild},
  title = {CRAN Task View: Natural Language Processing},
  year = {2017},
  journal = {CRAN},
  howpublished = {Version: 2017-01-17, \url{https://CRAN.R-project.org/view=NaturalLanguageProcessing}},
}

@article{lenhart06,
  author = {Amanda Lenhart and Susannah Fox},
  title = {Bloggers: A portrait of the internet's new
                   storytellers},
  year = {2006},
  journal = {Pew Internet \& American Life Project},
  howpublished = {Retrieved May, 4, 2013, from \url{http://www.pewinternet.org/files/old-media/Files/Reports/2006/PIP%20Bloggers%20Report%20July%2019%202006.pdf.pdf}},
}

@article{gottfried16,
  author = {Jefrey Gottfried and Elisa Shearer},
  title = {News Use Across Social Media Platforms 2016},
  year = {2016},
  journal = {Pew Research Center},
  howpublished = {Retrieved October, 11, 2016, from \url{http://www.journalism.org/2016/05/26/news-use-across-social-media-platforms-2016/}},
}

@book{lippmann22,
  title={Public opinion},
  author={Lippmann, Walter},
  year={1922},
  publisher={Harcourt, Brace}
}


@Book{lister09,
  author = {Martin Lister and Jon Dovey and Seth Giddings and Iain Grant and Kieran Kelly and {{others}}},
  publisher = {Taylor \& Francis Group},
  title = {New Media: A Critical Introduction (2nd ed.)},
  year = {2009},
}

@Book{maier10,
  title={Nachrichtenwerttheorie. Konzepte: Ans{\"a}tze der Medien-und Kommunikationswissenschaft, 2},
  author={Maier, M and Stengel, K and Marschall, J},
  year={2010},
  publisher={Nomos}
}


@article{maier18,
  title={Applying LDA topic modeling in communication research: Toward a valid and reliable methodology},
  author={Maier, Daniel and Waldherr, Annie and Miltner, Peter and Wiedemann, Gregor and Niekler, Andreas and Keinert, Alexa and Pfetsch, Barbara and Heyer, Gerhard and Reber, Ueli and H{\"a}ussler, Thomas and others},
  journal={Communication Methods and Measures},
  volume={12},
  number={2-3},
  pages={93--118},
  year={2018},
  publisher={Taylor \& Francis}
}


@Book{mcmanus94,
  author = {John H McManus},
  publisher = {Sage},
  title = {Market-driven journalism: Let the citizen beware?},
  year = {1994},
}

@Book{mcquail81,
  author = {Dennis McQuail and Sven Windahl},
  publisher = {Longman Group},
  title = {Communication Models for the study of mass
                   communication},
  year = {1981},
}

@Book{mcquail92,
  author = {D. McQuail},
  publisher = {Sage},
  title = {{Media performance: Mass communication and the public
                   interest}},
  year = {1992}
}

@Book{mill72,
  author = {John Stuart Mill},
  publisher = {Dent and Sons},
  title = {On {L}iberty},
  year = {1972},
  originalyear = {1859},
}

@Book{monge03,
  author = {Peter R. Monge and Noshir S. Contractor},
  publisher = {Oxford University Press},
  title = {Theories of Communication Networks},
  year = {2003}
}

@Book{murschetz14,
  publisher = {Springer},
  title = {State Aid for Newspapers},
  year = {2014},
  editor = {Paul Murschetz}
}

@Book{napoli11,
  author = {Philip M Napoli},
  publisher = {Columbia University Press},
  title = {Audience evolution: New technologies and the
                   transformation of media audiences},
  year = {2011}
}

@Book{nooy11,
  author = {Wouter {De Nooy} and Andrej Mrvar and Vladimir Batagelj},
  publisher = {Cambridge University Press},
  title = {Exploratory social network analysis with {P}ajek},
  year = {2011},
  volume = {27}
}

@Book{pariser11,
  author = {Eli Pariser},
  publisher = {Penguin},
  title = {The filter bubble: What the Internet is hiding from
                   you},
  year = {2011},
}

@Book{pavlik13,
  author = {John V Pavlik},
  publisher = {Columbia University Press},
  title = {Journalism and new media},
  year = {2013},
}



@Book{reich09,
  author = {Zvi Reich},
  publisher = {Hampton Press},
  title = {Sourcing the news: Key issues in journalism--{A}n
                   innovative study of the Israeli press},
  year = {2009},
}

@Book{ruhrmann13,
  title={Der wert von nachrichten im deutschen fernsehen: ein modell zur validierung von nachrichtenfaktoren},
  author={Ruhrmann, Georg and Woelke, Jens and Maier, Michaela and Diehlmann, Nicole},
  year={2013},
  publisher={Springer}
}

@article{pennacchiotti11,
  title={A Machine Learning Approach to Twitter User Classification.},
  author={Pennacchiotti, Marco and Popescu, Ana-Maria},
  journal={Icwsm},
  volume={11},
  number={1},
  pages={281--288},
  year={2011}
}

@article{young12,
  title={Affective news: The automated coding of sentiment in political texts},
  author={Young, Lori and Soroka, Stuart},
  journal={Political Communication},
  volume={29},
  number={2},
  pages={205--231},
  year={2012},
  publisher={Taylor \& Francis},
  doi={10.1080/10584609.2012.671234}
}


@article{benoit03,
  title={Estimating Irish party policy positions using computer wordscoring: The 2002 election--a research note},
  author={Benoit, Kenneth and Laver, Michael},
  journal={Irish Political Studies},
  volume={18},
  number={1},
  pages={97--107},
  year={2003},
  publisher={Taylor \& Francis}
}

@article{benoit09,
  title={Challenges for estimating policy preferences: Announcing an open access archive of political documents},
  author={Benoit, Kenneth and Br{\"a}uninger, Thomas and Debus, Marc},
  journal={German Politics},
  volume={18},
  number={3},
  pages={441--454},
  year={2009},
  publisher={Taylor \& Francis}
}



@article{lowe08,
  title={Understanding wordscores},
  author={Lowe, Will},
  journal={Political Analysis},
  volume={16},
  number={4},
  pages={356--371},
  year={2008},
  publisher={Oxford University Press}
}




@article{lowe11,
  title={Scaling policy preferences from coded political texts},
  author={Lowe, Will and Benoit, Kenneth and Mikhaylov, Slava and Laver, Michael},
  journal={Legislative studies quarterly},
  volume={36},
  number={1},
  pages={123--155},
  year={2011},
  publisher={Wiley Online Library}
}

@Book{ryfe13,
  author = {David M Ryfe},
  publisher = {Polity Press},
  title = {Can Journalism Survive: An Inside Look at American
                   Newsrooms},
  year = {2012},
}

@Book{salton03,
  author = {Gerard Salton and Donna Harman},
  publisher = {John Wiley and Sons},
  title = {Information retrieval},
  year = {2003},
}

@article{salton88,
  title={Term-weighting approaches in automatic text retrieval},
  author={Salton, Gerard and Buckley, Christopher},
  journal={Information processing \& management},
  volume={24},
  number={5},
  pages={513--523},
  year={1988},
  publisher={Elsevier}
}


@book{habermas91,
  title={The Structural Transformation of the Public Sphere: An Inquiry Into a Category of Bourgeois Society},
  author={Habermas, J{\"u}rgen},
  year={1991},
  publisher={MIT Press}
}

@Book{schudson03,
  author = {M. Schudson},
  publisher = {W W Norton \& Company Incorporated},
  title = {The Sociology of News},
  year = {2003},
}

@article{shirky11,
  title={The political power of social media: Technology, the public sphere, and political change},
  author={Shirky, Clay},
  journal={Foreign affairs},
  pages={28--41},
  year={2011},
  publisher={JSTOR}
}

@Book{shoemaker09,
  author = {Pamela J Shoemaker and Timothy Vos},
  publisher = {Routledge},
  title = {Gatekeeping theory},
  year = {2009},
}

@Book{shoemaker91,
  author = {Pamela J Shoemaker},
  publisher = {Sage},
  title = {Gatekeeping},
  year = {1991},
}

@Book{shoemaker96,
  author = {Pamela J. Shoemaker and Stephen D. Reese},
  publisher = {Longman},
  title = {Mediating the Message: Theories of influence on Mass
                   Media Content (2nd ed.)},
  year = {1996}
}

@Book{siebert56,
  author = {Fred Seaton Siebert and Theodore Peterson and Wilbur Schramm},
  publisher = {University of Illinois Press},
  title = {Four theories of the press: {T}he {A}uthoritarian, {L}ibertarian, {S}ocial {R}esponsibility, and {S}oviet {C}ommunist Concepts of what the Press Should be and Do},
  year = {1956},
}

@Book{sparrow99,
  author = {Bartholomew H. Sparrow},
  publisher = {Johns Hopkins University Press},
  title = {Uncertain Guardians: The News Media as a Political
                   Institution},
  year = {1999},
}

@Book{sunstein09,
  author = {Cass R Sunstein},
  publisher = {Princeton University Press},
  title = {Republic.com 2.0},
  year = {2009},
}

@Book{takens13,
  author = {Janet Takens},
  publisher = {BOXPress},
  title = {Media Logic and Electoral Democracy (dissertation)},
  year = {2013},
}

@Book{vosgatekeeping15,
  publisher = {Routledge},
  title = {Gatekeeping in Transition},
  year = {2015},
  editor = {Tim. P. Vos and F. Heinderyckx},
}

@Book{weaver96,
  author = {David Hugh Weaver and G Cleveland Wilhoit},
  publisher = {Psychology Press},
  title = {The American journalist in the 1990s: {US} news people
                   at the end of an era},
  year = {1996},
}



@InCollection{donohue72,
  title={Gatekeeping: Mass media systems and information control},
  author={George A. Donohue and Phillip J. Tichenor and Clarice N. Olien},
  booktitle={Current perspectives in mass communication research},
  year={1972},
  editor = {F. G. Kline and P. J. Tichenor},
  publisher={Sage}
}

@incollection{heer14,
  title={An intermedia understanding of the networked {T}witter ecology},
  author={{D’heer}, Evelien and Verdegem, Pieter},
  editor = {Bogdan P\={a}tru\c{t} and Monic P\={a}tru\c{t}},
  booktitle={Social media in politics},
  pages={81--96},
  year={2014},
  publisher={Springer}
}

@InCollection{heijmans09,
  author = {Ellen Heijmans and Kees Buijs and Pytrik Schafraad and Anne Marie Frye and Serena Daalmans and Daphne {Ten Haaf}},
  title = {Nieuwsbronnen en de kwaliteit van de journalistiek},
  year = {2009},
  editor = {B. Ummelen},
  publisher = {AMB},
  booktitle = {Journalistiek in diskrediet},
  pages = {23--40},
}

@InCollection{oegema08,
  author = {Dirk Oegema and Jan Kleinnijenhuis and Koos Anderson and Anita {van Hoof}},
  publisher = {Routledge},
  title = {Flaming and blaming},
  year = {2008},
  editor = {{Konijn} and {Elly} and {Utz} and {Sonja} and {Tanis} and {Martin}},
  booktitle = {Mediated {I}nterpersonal {C}ommunication},
  pages = {331—358},
}

@InCollection{ragas14,
  author = {Matthew W Ragas},
  publisher = {IGI Global},
  title = {Intermedia agenda setting in business news coverage},
  year = {2014},
  editor = {{Hart} and Roderick P.},
  booktitle = {Communication and Language Analysis in the Public
                   Sphere},
  pages = {335—356},
}

@InCollection{hallin04,
  author = {Daniel C. Hallin and Paolo Mancini},
  publisher = {Cambridge University Press},
  title = {Comparing Media Systems: Three Models of Media and
                   Politics},
  year = {2004},
  editor = {W. Lance Bennett and Robert M. Entman},
  booktitle = {Communication, {S}ociety and {P}olitics},
}

@InCollection{heinderyckx15,
  author = {Francois Heinderyckx},
  publisher = {Routledge},
  title = {Gatekeeping Theory Redux},
  year = {2015},
  editor = {Tim. P. Vos and F. Heinderyckx},
  booktitle = {Gatekeeping in Transition},
  pages = {253--267},
}

@InCollection{lecam15,
  author = {Florence {Le Cam} and David Domingo},
  publisher = {Routledge},
  title = {The Tyranny of Immediacy: Gatekeeping Practices in
                   {F}rench and {S}panish Online Newsrooms},
  year = {2015},
  editor = {Tim. P. Vos and F. Heinderyckx},
  booktitle = {Gatekeeping in Transition},
  pages = {123-140},
}

@InCollection{lowrey15,
  author = {Wilson Lowrey},
  publisher = {Routledge},
  title = {Ecologies and Fields: Changes Across Time in
                   Organizational Forms and Boundaries},
  year = {2015},
  editor = {Tim. P. Vos and F. Heinderyckx},
  booktitle = {Gatekeeping in Transition},
  pages = {141--160},
}

@InCollection{paterson05,
  author = {Chris Paterson},
  title = {News agency dominance in international news on the
                   internet},
  year = {2005},
  publisher = {Lexington Books},
  editor = {David Skinner and James Compton and Mike Gasher},
  booktitle = {Converging Media, Diverging Politics},
  pages = {145--163},
}

@InCollection{reese89,
  author = {Stephen D Reese and Lucig H Danielian},
  publisher = {Routledge},
  title = {A closer look at intermedia influences on agenda
                   setting: The cocaine issue of 1986},
  year = {1989},
  editor = {Pamela Shoemaker},
  booktitle = {Communication campaigns about drugs: Government,
                   media, and the public},
  pages = {47--66},
}

@InCollection{thorson15,
  author = {Kjerstin Thorson and Chris Wells},
  publisher = {Routledge},
  title = {How Gatekeeping Still Matters: Understanding Media
                   Effects in an Era of Curated Flows},
  year = {2015},
  editor = {Tim. P. Vos and F. Heinderyckx},
  booktitle = {Gatekeeping in Transition},
  pages = {25--44},
}

@InCollection{vos15,
  author = {Tim. P. Vos},
  publisher = {Routledge},
  title = {Revisiting Gatekeeping Theory During a Time of
                   Transition},
  year = {2015},
  editor = {Tim. P. Vos and F. Heinderyckx},
  booktitle = {Gatekeeping in Transition},
  pages = {3--24},
}

@InCollection{witschge04,
  author = {Tamara Witschge},
  publisher = {Routledge},
  title = {Online deliberation: Possibilities of the Internet
                   for deliberative democracy},
  year = {2004},
  editor = {Peter M Shane},
  booktitle = {Democracy online: The prospects for political renewal
                   through the Internet},
  pages = {109--122},
}

@InProceedings{bagga98,
  author = {Amit Bagga and Breck Baldwin},
  title = {Entity-based cross-document coreferencing using the
                   vector space model},
  year = {1998},
  booktitle = {{Proceedings of the 36th Annual Meeting of the
                   Association for Computational Linguistics and 17th
                   International Conference on Computational
                   Linguistics-Volume 1}},
  pages = {79--85},
  organization = {Association for Computational Linguistics},
}

@InProceedings{bosch07,
  author = {A {Van den Bosch} and G.J. Busser and W. Daelemans and S. Canisius},
  title = {An efficient memory-based morphosyntactic tagger and
                   parser for Dutch},
  year = {2007},
  booktitle = {{Selected Papers of the 17th Computational Linguistics
                   in the Netherlands Meeting}},
}

@InProceedings{corenlp,
  author = {Christopher D. Manning and Mihai Surdeanu and John Bauer and Jenny Finkel and Steven J. Bethard and David McClosky},
  title = {The {Stanford} {CoreNLP} Natural Language Processing
                   Toolkit},
  year = {2014},
  booktitle = {{Proceedings of 52nd Annual Meeting of the Association
                   for Computational Linguistics: System Demonstrations}},
  pages = {55--60},
}

@InProceedings{gilbert09,
  author = {Eric Gilbert and Karrie Karahalios},
  title = {Predicting tie strength with social media},
  year = {2009},
  booktitle = {{Proceedings of the SIGCHI Conference on Human Factors
                   in Computing Systems}},
  pages = {211--220},
  organization = {ACM},
}

@InProceedings{kim14,
  author = {Yeooul Kim and Suin Kim and Alejandro Jaimes and Alice Oh},
  title = {A computational analysis of agenda setting},
  year = {2014},
  booktitle = {{Proceedings of the companion publication of the 23rd
                   international conference on World wide web companion}},
  pages = {323--324},
  organization = {{International World Wide Web Conferences Steering
                   Committee}},
}

@InProceedings{lloyd06,
  author = {Levon Lloyd and Prachi Kaulgud and Steven Skiena},
  title = {Newspapers vs. blogs: Who gets the scoop?},
  year = {2006},
  booktitle = {{AAAI Spring Symposium: Computational Approaches to
                   Analyzing Weblogs}},
  pages = {117--124},
}

@InProceedings{turney02,
  author = {Peter D. Turney},
  title = {Thumbs up or thumbs down? {S}emantic orientation
                   applied to unsupervised classification of reviews},
  year = {2002},
  booktitle = {{Proceedings of the 40th Annual Meeting of the
                   Association for Computational Linguistics (ACL'02)}},
  pages = {417--424},
}

@InProceedings{zhai01,
  author = {Chengxiang Zhai and John Lafferty},
  title = {A study of smoothing methods for language models
                   applied to ad hoc information retrieval},
  year = {2001},
  booktitle = {{Proceedings of the 24th annual international ACM
                   SIGIR conference on Research and development in
                   information retrieval}},
  pages = {334--342},
  organization = {ACM},
}

@article{buijs09,
  author = {K. Buijs},
  title = {Het persbureau regeert mee.},
  year = {2009},
  journal = {De nieuwe reporter},
  howpublished = {Retrieved November 13, 2015, from \url{http://www.denieuwereporter.nl/2009/01/het-persbureau-regeert-mee/}}
}


@article{cornfield05,
  author = {Michael Cornfield and Jonathan Carson and Alison Kalis and Emily Simon},
  journal = {Pew Internet \& American Life Project},
  title = {Buzz, blogs, and beyond: The Internet and the
                   national discourse in the fall of 2004},
  year = {2005},
  month = {May},
  day = {16},
  url = {http://www.pewinternet.org/2005/05/16/buzz-blogs-and-beyond-the-internet-and-national-discourse-in-the-fall-of-2004/}
}

@Book{crouse72,
  author = {Timothy Crouse},
  publisher = {Random House},
  title = {The boys on the bus: Riding with the campaign press
                   corps},
  year = {1972},
}

@newspaper{ebisch12,
  author = {Bart Ebisch},
  title = {ANP, Novum en de digitale paradox},
  year = {2012},
  month = {Februari},
  day = 22,
  journal = {{{Persinnovatie}}},
  url = {http://www.persinnovatie.nl/5092/nl/anp-novum-en-de-digitale-paradox},
}

@newspaper{edmonds14,
  author = {Rick Edmonds},
  title = {New research finds 92 percent of news consumption is
                   still on legacy platforms},
  year = {2014},
  month = {May},
  day = {13},
  journal = {{{Poynter}}},
  url = {http://www.poynter.org/news/mediawire/212550/new-research-finds-92-percent-of-news-consumption-is-still-on-legacy-platforms/},
}

@article{eurobarometer12,
  author = {{{Eurobarometer}}},
  journal = {Eurobarometer},
  title = {Media use in the {E}uropean {U}nion},
  year = {2012},
  month = {November},
  day = {24},
  url = {http://ec.europa.eu/public_opinion/archives/eb/eb82/eb82_media_en.pdf},
  doi = {10.2775/346751}
}

@article{lewis08quality,
  author = {Justin Lewis and Andrew Williams and Robert Franklin and James Thomas and Nicholas Mosdell},
  journal = {MediaWise},
  title = {The quality and independence of British journalism: Tracking the changes over 20 years},
  year = {2008},
  howpublished = {Retrieved May, 6, 2014, from \url{http://www.mediawise.org.uk/wp-content/uploads/2011/03/Quality-Independence-of-British-Journalism.pdf}}
}

@article{gorp05,
  title={Where is the frame? Victims and intruders in the Belgian press coverage of the asylum issue},
  author={Van Gorp, Baldwin},
  journal={European Journal of Communication},
  volume={20},
  number={4},
  pages={484--507},
  year={2005},
  publisher={Sage Publications}
}


@newspaper{nu11,
  author = {{{Nu}}},
  title = {{Een webredactie voor AD, Parool, Trouw en Volkskrant}},
  year = {2011},
  month = {Januari},
  day = {13},
  journal = {{{NU.nl}}},
  url = {http://www.nu.nl/media/2422096/webredactie-ad-parool-trouw-en-volkskrant.html},
}


@newspaper{dongen17,
  author = {{{Menno van Dongen}}},
  title = {{Onrust op Telegraaf-redactie om term 'kansloze asielplaag'}},
  year = {2017},
  month = {Januari},
  day = {9},
  journal = {{{De Volkskrant}}},
  url = {http://www.volkskrant.nl/media/onrust-op-telegraaf-redactie-om-term-kansloze-asielplaag~a4445956/
},
}

@article{pew10,
  author = {{Pew Research Center}},
  title = {New Media Old Media: How Blogs and Social Media
                   Agendas Relate},
  year = {2010},
  month = {May},
  day = {23},
  journal = {{Pew Research Center}},
  url = {http://www.journalism.org/node/20621},
  
}

@article{pew11,
  author = {Kenny Olmstead and Amy Mitchell and Tom Rosenstiel},
  title = {Online: Key Questions Facing Digital News},
  year = {2011},
  journal = {{Pew Research Center}},
  howpublished = {Retrieved Februari 4, 2015, from \url{http://stateofthemedia.org/2011/online-essay/}},
}

@newspaper{benjamin11,
  author = {Jan Benjamin},
  title = {Minister denkt aan subsidie voor {ANP}},
  year = {2011},
  month = {March},
  day = {24},
  journal = {{NRC Handelsblad}},
  url = {http://www.nrc.nl/handelsblad/2011/03/24/minister-denkt-aan-subsidie-voor-anp-12007043},
}


@newspaper{reijnders09,
  author = {Maarten Reijnders},
  title = {{ANP}: gratis media zitten niet voor dubbeltje op de
                   eerste rang},
  year = {2009},
  month = {June},
  day = {25},
  journal = {{De Nieuwe Reporter}},
  url = {http://www.denieuwereporter.nl/2009/06/anp-gratis-media-zitten-niet-voor-dubbeltje-op-de-eerste-rang/},
}

@article{rutten11,
  author = {Paul Rutten and Mijke Slot},
  journal = {TNO},
  title = {Zijn de persbureaus te verslaan? {D}e positie van de
                   Nederlandse persbureaus in de nieuwsketen},
  year = {2011},
}

@article{scholten09,
  author = {Otto Scholten and Nel Ruigrok},
  title = {{Bronnen in het nieuws. Nieuwsvoorziening landelijke
                   dagbladen steeds afhankelijker van ANP}},
  year = {2009},
  journal = {Mediamonitor},
  howpublished = {Retrieved March 23, 2014, from \url{http://www.mediamonitor.nl/gastauteurs/otto-scholten-en-nel-ruigrok-2009/}},
}

@article{ruigrok16,
  author = {Nel Ruigrok and Sarah Gagestein and Wouter {Van Atteveldt}},
  title = {{Facebook: Vriend of vijand voor nieuwsmakers?}},
  year = {2009},
  journal = {Stimuleringsfonds voor de Journalistiek},
  howpublished = {Retrieved March 23, 2014, from \url{https://www.svdj.nl/nieuws/facebook-vriend-of-vijand-voor-nieuwsmakers/}},
}


@newspaper{servaas13,
  author = {Servaas {Van der Laan}},
  title = {Nederlandse krantensites verdwijnen achter
                   betaalmuur},
  year = {2013},
  month = {Januari},
  day = {10},
  journal = {{{Elsevier}}},
  url = {http://www.elsevier.nl/Cultuur--Televisie/nieuws/2013/1/Nederlandse-krantensites-verdwijnen-achter-betaalmuur-1143515W/},
  }

@newspaper{soest12,
  author = {Thijs {Van Soest}},
  title = {{Van Thillo: Het gratis content model online heeft
                   zijn langste tijd gehad}},
  year = {2012},
  month = {June},
  day = {27},
  journal = {{{Trouw}}},
  url = {http://www.trouw.nl/tr/nl/5133/Media-technologie/article/detail/3277900/2012/06/27/Van-Thillo-Het-gratis-content-model-online-heeft-zijn-langste-tijd-gehad.dhtml},
}

@newspaper{staatsgeheim06,
  author = {{{Staatsgeheim.com}}},
  title = {{GeenStijl sluit contract met ANP}},
  year = {2006},
  month = {Januari},
  day = {2},
  journal = {Staatsgeheim},
  url = {http://www.staatsgeheim.com/2006/01/02/geenstijl-sluit-contract-met-anp/},
}

@article{proksch09,
  title={How to avoid pitfalls in statistical analysis of political texts: The case of Germany},
  author={Proksch, Sven-Oliver and Slapin, Jonathan B},
  journal={German Politics},
  volume={18},
  number={3},
  pages={323--344},
  year={2009},
  publisher={Taylor \& Francis}
}

@inproceedings{gardner10,
  title={The topic browser: An interactive tool for browsing topic models},
  author={Gardner, Matthew J and Lutes, Joshua and Lund, Jeff and Hansen, Josh and Walker, Dan and Ringger, Eric and Seppi, Kevin},
  booktitle={NIPS Workshop on Challenges of Data Visualization},
  volume={2},
  year={2010}
}

@article{popovic92,
  title={The effectiveness of stemming for natural-language access to Slovene textual data},
  author={Popovic, Mirko and Willett, Peter},
  journal={Journal of the American Society for Information Science},
  volume={43},
  number={5},
  pages={384},
  year={1992},
  publisher={American Documentation Institute}
}



@article{slapin08,
  title={A scaling model for estimating time-series party positions from texts},
  author={Slapin, Jonathan B and Proksch, Sven-Oliver},
  journal={American Journal of Political Science},
  volume={52},
  number={3},
  pages={705--722},
  year={2008},
  publisher={Wiley Online Library}
}

@article{slapin14,
  title={Words as data: Content analysis in legislative studies},
  author={Slapin, Jonathan B and Proksch, Sven-Oliver},
  journal={The Oxford Handbook of Legislative Studies},
  pages={127--144},
  year={2014},
  publisher={Oxford Handbooks in Politics \&}
}


@article{lovins68,
  title={Development of a stemming algorithm},
  author={Lovins, Julie Beth},
  journal={Mech. Translat. \& Comp. Linguistics},
  volume={11},
  number={1-2},
  pages={22--31},
  year={1968}
}

@article{stamatatos09,
  title={A survey of modern authorship attribution methods},
  author={Stamatatos, Efstathios},
  journal={Journal of the Association for Information Science and Technology},
  volume={60},
  number={3},
  pages={538--556},
  year={2009},
  publisher={Wiley Online Library}
}


@article{serrano09,
  title={Extracting the multiscale backbone of complex weighted networks},
  author={Serrano, M {\'A}ngeles and Bogun{\'a}, Mari{\'a}n and Vespignani, Alessandro},
  journal={Proceedings of the national academy of sciences},
  volume={106},
  number={16},
  pages={6483--6488},
  year={2009},
  publisher={National Acad Sciences}
}

@book{jurafsky00,
  title={Speech \& language processing},
  author={Jurafsky, Dan},
  year={2000},
  publisher={Pearson Education India}
}


@article{ruigrok07,
  title={Global angling with a local angle: How US, British, and Dutch newspapers frame global and local terrorist attacks},
  author={Ruigrok, Nel and {Van Atteveldt}, Wouter},
  journal={Harvard International Journal of Press/Politics},
  volume={12},
  number={1},
  pages={68--90},
  year={2007},
  publisher={Sage Publications Sage CA: Thousand Oaks, CA}
}


@article{Vinex13,
  author = {{{Vinex}}},
  title = {Online bereiksonderzoek},
  year = {2013},
  howpublished = {Retrieved February 4, 2014, from \url{http://www.vinex.nl/resultaten/archief/2013/}},
  }

@newspaper{nos_shelters,
  author = {{NOS}},
  title = {{Steeds more grote noodopvanglocaties voor vluchtelingen}},
  year = {2015},
  month = {September},
  day = {15},
  journal = {{{NOS}}},
  url = {http://nos.nl/artikel/2057878-steeds-meer-grote-noodopvanglocaties-voor-vluchtelingen.html},
 }

@newspaper{rosman15,
  author = {Cyril Rosman and Sander {van Mersbergen}},
  title = {{NRC zegt contract met ANP op}},
  year = {2015},
  month = {September},
  day = {25},
  journal = {{{Algemeen Dagblad}}},
  url = {http://www.ad.nl/buitenland/vluchtelingenvrees-maar-waar-zijn-we-bang-voor~a1fe208b/},
 }


@newspaper{vulpen10,
  author = {Maarten {Van Vulpen}},
  title = {{NRC zegt contract met ANP op}},
  year = {2010},
  month = {December},
  day = {23},
  journal = {{{Publishr}}},
  url = {http://www.publishr.nl/2010/12/nrc-zegt-contract-met-anp-op/},
 }
 
 @newspaper{bruns_petition,
  author = {Axel Bruns},
  title = {{Facebook Shuts the Gate after the Horse Has Bolted, and Hurts Real Research in the Process}},
  year = {2018},
  month = {April},
  day = {25},
  journal = {{{medium.com}}},
  url = { https://medium.com/@Snurb/facebook-research-data-18662cf2cacb},
 }
 
 @inproceedings{pak10,
  title={Twitter as a corpus for sentiment analysis and opinion mining.},
  author={Pak, Alexander and Paroubek, Patrick},
  booktitle={LREc},
  volume={10},
  number={2010},
  year={2010}
}


@PhdThesis{ernste14,
  author = {Thomas John Ernste},
  title = {Towards a Networked Gatekeeping Theory: Journalism,
                   News Diffusion, and Democracy in a Networked Media
                   Environment},
  year = {2014},
  school = {University of Minnesota},
}

@book{Manning:2008,
author = {Manning, Christopher D and Manning, Christopher D and Raghavan, Prabhakar and Raghavan, Prabhakar and Sch{\"u}tze, Hinrich and Sch{\"u}tze, Hinrich},
title = {{Introduction to Information Retrieval}},
publisher = {Cambridge University Press},
year = {2008},
month = jul
}

@book{manning99,
  title={Foundations of statistical natural language processing},
  author={Manning, Christopher D and Sch{\"u}tze, Hinrich},
  year={1999},
  publisher={MIT press}
}


@article{wickham14,
  title={Tidy data},
  author={Wickham, Hadley and others},
  journal={Journal of Statistical Software},
  volume={59},
  number={10},
  pages={1--23},
  year={2014},
  publisher={Foundation for Open Access Statistics}
}


@article{fox16,
  title={R and the Journal of Statistical Software},
  author={Fox, John and Leanage, Allison},
  journal={Journal of Statistical Software},
  volume={73},
  number={2},
  pages={1--13},
  year={2016},
  publisher={JOURNAL STATISTICAL SOFTWARE UCLA DEPT STATISTICS, 8130 MATH SCIENCES BLDG, BOX 951554, LOS ANGELES, CA 90095-1554 USA}
}

@article{atkinson14,
  title={Measuring the media agenda},
  author={Atkinson, Mary Layton and Lovett, John and Baumgartner, Frank R},
  journal={Political Communication},
  volume={31},
  number={2},
  pages={355--380},
  year={2014},
  publisher={Taylor \& Francis}
}


@online{tiober,
  author = {TIOBE},
  title = {{The R Programming Language}},
  year = 2017,
  url = {https://www.tiobe.com/tiobe-index/r/}
}

@book{mcluhan94,
  title={Understanding media: The extensions of man},
  author={McLuhan, Marshall},
  year={1994},
  publisher={MIT press}
}


@article{dorazio14,
  title={Separating the wheat from the chaff: Applications of automated document classification using support vector machines},
  author={{D'Orazio}, Vito and Landis, Steven T and Palmer, Glenn and Schrodt, Philip},
  journal={Political Analysis},
  pages={mpt030},
  year={2014},
  publisher={SPM-PMSAPSA}
}

@inproceedings{aue05,
  title={Customizing sentiment classifiers to new domains: A case study},
  author={Aue, Anthony and Gamon, Michael},
  booktitle={Proceedings of recent advances in natural language processing (RANLP)},
  volume={1},
  number={3.1},
  pages={2--1},
  year={2005},
  organization={Citeseer}
}


@inproceedings{yu03,
  title={Towards answering opinion questions: Separating facts from opinions and identifying the polarity of opinion sentences},
  author={Yu, Hong and Hatzivassiloglou, Vasileios},
  booktitle={Proceedings of the 2003 conference on Empirical methods in natural language processing},
  pages={129--136},
  year={2003},
  organization={Association for Computational Linguistics}
}


@article{lowe13,
  title={Validating estimates of latent traits from textual data using human judgment as a benchmark},
  author={Lowe, Will and Benoit, Kenneth},
  journal={Political Analysis},
  pages={mpt002},
  year={2013},
  publisher={SPM-PMSAPSA}
}

@inproceedings{nakov16,
  title={SemEval-2016 task 4: Sentiment analysis in Twitter},
  author={Nakov, Preslav and Ritter, Alan and Rosenthal, Sara and Sebastiani, Fabrizio and Stoyanov, Veselin},
  booktitle={Proceedings of the 10th International Workshop on Semantic Evaluation (SemEval-2016)},
  pages={1--18},
  year={2016}
}


@article{lo16,
  title={Ideological clarity in multiparty competition: A new measure and test using election manifestos},
  author={Lo, James and Proksch, Sven-Oliver and Slapin, Jonathan B},
  journal={British Journal of Political Science},
  volume={46},
  number={3},
  pages={591--610},
  year={2016},
  publisher={Cambridge University Press}
}


@article{wilkerson17,
  title={Large-Scale Computerized Text Analysis in Political Science: Opportunities and Challenges},
  author={Wilkerson, John and Casas, Andreu},
  journal={Annual Review of Political Science},
  volume={20},
  pages={529--544},
  year={2017},
  publisher={Annual Reviews}
}

@article{welbers17,
  title={Text Analysis in R},
  author={Welbers, Kasper and Van Atteveldt, Wouter and Benoit, Kenneth},
  journal={Communication Methods and Measures},
  volume={11},
  number={4},
  pages={245--265},
  year={2017},
  publisher={Taylor \& Francis},
  doi={10.1080/19312458.2017.1387238}
}

@article{muddiman2019,
  title={(Re) Claiming Our Expertise: Parsing Large Text Corpora With Manually Validated and Organic Dictionaries},
  author={Muddiman, Ashley and McGregor, Shannon C and Stroud, Natalie Jomini},
  journal={Political Communication},
  volume={36},
  number={2},
  pages={214--226},
  year={2019},
  publisher={Taylor \& Francis},
  doi={10.1080/10584609.2018.1517843}
}

@article{bender13,
  title={Linguistic fundamentals for natural language processing: 100 essentials from morphology and syntax},
  author={Bender, Emily M},
  journal={Synthesis Lectures on Human Language Technologies},
  volume={6},
  number={3},
  pages={1--184},
  year={2013},
  publisher={Morgan \& Claypool Publishers}
}

@inproceedings{chang09,
  title={Reading tea leaves: How humans interpret topic models},
  author={Chang, Jonathan and Gerrish, Sean and Wang, Chong and Boyd-Graber, Jordan L and Blei, David M},
  booktitle={Neural Information Processing Systems},
  pages={288--296},
  year={2009}
}

@article{blei12,
  title={Probabilistic topic models},
  author={Blei, David M},
  journal={Communications of the ACM},
  volume={55},
  number={4},
  pages={77--84},
  year={2012},
  publisher={ACM}
}


@inproceedings{socher13,
  title={Recursive deep models for semantic compositionality over a sentiment treebank},
  author={Socher, Richard and Perelygin, Alex and Wu, Jean and Chuang, Jason and Manning, Christopher D and Ng, Andrew and Potts, Christopher},
  booktitle={Proceedings of the 2013 conference on empirical methods in natural language processing},
  pages={1631--1642},
  year={2013}
}


@article{weber18archives,
  title={Methods and Approaches to Using Web Archives in Computational Communication Research},
  author={Weber, Matthew S},
  journal={Communication Methods and Measures},
  pages={1--16},
  year={2018},
  publisher={Taylor \& Francis},
  doi={10.1080/19312458.2018.1447657}
}

@book{mitchell18,
  title={Web scraping with Python: collecting data from the modern web (2nd Edition)},
  author={Mitchell, Ryan},
  year={2018},
  publisher={O'Reilly}
}

@book{munzert14,
  title={Automated data collection with R: A practical guide to web scraping and text mining},
  author={Munzert, Simon and Rubba, Christian and Mei{\ss}ner, Peter and Nyhuis, Dominic},
  year={2014},
  publisher={John Wiley \& Sons}
}


@inproceedings{barbera16,
  title={Methodological challenges in estimating tone: Application to news coverage of the US economy},
  author={Barber{\'a}, Pablo and Boydstun, Amber and Linn, Suzanna and McMahon, Ryan and Nagler, Jonathan},
  booktitle={Meeting of the Midwest Political Science Association, Chicago, IL},
  year={2016}
}


@article{liu12,
  title={Sentiment analysis and opinion mining},
  author={Liu, Bing},
  journal={Synthesis lectures on human language technologies},
  volume={5},
  number={1},
  pages={1--167},
  year={2012},
  publisher={Morgan \& Claypool Publishers},
  doi={10.1162/COLI\_r\_00186}
}

@article{stone62,
   author= "Philip J. Stone and R. F. Bayles and J. Z. Namerwirth and D. M. Ogilvie",
   title= "The {G}eneral {I}nquirer: {A} computer system for content analysis and retrieval based on the sentence as a unit of information",
   journal="Behavioral Science",
   volume = "7",
   year= "1962"
}

@article{soroka15,
  title={Bad news or mad news? Sentiment scoring of negativity, fear, and anger in news content},
  author={Soroka, Stuart and Young, Lori and Balmas, Meital},
  journal={The ANNALS of the American Academy of Political and Social Science},
  volume={659},
  number={1},
  pages={108--121},
  year={2015},
  publisher={SAGE Publications Sage CA: Los Angeles, CA},
  doi={10.1177\%2F0002716215569217}
}
@article{gonzalez15,
  title={Signals of public opinion in online communication: A comparison of methods and data sources},
  author={Gonz{\'a}lez-Bail{\'o}n, Sandra and Paltoglou, Georgios},
  journal={The ANNALS of the American Academy of Political and Social Science},
  volume={659},
  number={1},
  pages={95--107},
  year={2015},
  publisher={SAGE Publications Sage CA: Los Angeles, CA},
  doi={10.1177\%2F0002716215569192}
}

@techreport{pennebaker15,
  title={The development and psychometric properties of LIWC2015},
  author={Pennebaker, James W and Boyd, Ryan L and Jordan, Kayla and Blackburn, Kate},
  year={2015}
}

@phdthesis{maks18,
  title = "Lexical Models and the Acquisition of a Lexicon as Applied in Sentiment and Opinion Analysis of Dutch Texts",
  year = "2018",
  author = "Isa Maks",
  school = "VU University Amsterdam"
}

@article{pang08,
  title={Opinion mining and sentiment analysis},
  author={Pang, Bo and Lee, Lillian},
  journal={Foundations and Trends{\textregistered} in Information Retrieval},
  volume={2},
  number={1--2},
  pages={1--135},
  year={2008},
  publisher={Now Publishers, Inc.},
  doi={10.1561/1500000011}
}


@article{weber18,
  title={Extracting Latent Moral Information from Text Narratives: Relevance, Challenges, and Solutions},
  author={Weber, Ren{\'e} and Mangus, J Michael and Huskey, Richard and Hopp, Frederic R and Amir, Ori and Swanson, Reid and Gordon, Andrew and Khooshabeh, Peter and Hahn, Lindsay and Tamborini, Ron},
  journal={Communication Methods and Measures},
  volume={12},
  number={2-3},
  pages={119--139},
  year={2018},
  publisher={Taylor \& Francis}
}

@article{benoit16,
  title={Crowd-sourced text analysis: Reproducible and agile production of political data},
  author={Benoit, Kenneth and Conway, Drew and Lauderdale, Benjamin E and Laver, Michael and Mikhaylov, Slava},
  journal={American Political Science Review},
  volume={110},
  number={2},
  pages={278--295},
  year={2016},
  doi={10.1017/S0003055416000058},
  publisher={Cambridge University Press}
}

@misc{schrodt15,
author="Philip Schrodt",
title = "Comparing Methods for Generating Large Scale Political Event Data Sets",
year="2015",
howpublished="Paper presented at the Text as Data meetings, New York University, 16-17 October 2015"
}

@article{nooy13,
  title={Polarization in the media during an election campaign: A dynamic network model predicting support and attack among political actors},
  author={De Nooy, Wouter and Kleinnijenhuis, Jan},
  journal={Political communication},
  volume={30},
  number={1},
  pages={117--138},
  year={2013},
  publisher={Taylor \& Francis}
}

@inproceedings{pontiki16,
  title={SemEval-2016 task 5: Aspect based sentiment analysis},
  author={Pontiki, Maria and Galanis, Dimitris and Papageorgiou, Haris and Androutsopoulos, Ion and Manandhar, Suresh and Mohammad, AL-Smadi and Al-Ayyoub, Mahmoud and Zhao, Yanyan and Qin, Bing and De Clercq, Orph{\'e}e and others},
  booktitle={Proceedings of the 10th international workshop on semantic evaluation (SemEval-2016)},
  pages={19--30},
  year={2016}
}

@inproceedings{liu15,
  title={Fine-grained opinion mining with recurrent neural networks and word embeddings},
  author={Liu, Pengfei and Joty, Shafiq and Meng, Helen},
  booktitle={Proceedings of the 2015 Conference on Empirical Methods in Natural Language Processing},
  pages={1433--1443},
  year={2015}
}

@book{martindale1975,
  title={The romantic progression: The psychology of literary history},
  author={Martindale, Colin},
  year={1975},
  publisher={Halsted Press}
}

@book{martindale1992,
  title={The clockwork muse: The predictability of artistic change.},
  author={Martindale, Colin},
  year={1990},
  publisher={Basic Books}
}

@article{boukes2019,
  title={What’s the tone? Easy doesn’t do it: Analyzing performance and agreement between off-the-shelf sentiment analysis tools},
  author={Boukes, Mark and Van de Velde, Bob and Araujo, Theo and Vliegenthart, Rens},
  journal={Communication Methods \& Measures},
  howpublished={Online first},
  year={2019},
  doi={10.1080/19312458.2019.1671966}
}

@inproceedings{trilling2018,
  title={INCA: Infrastructure for content analysis},
  author={Trilling, Damian and Van De Velde, Bob and Kroon, Anne C and L{\"o}cherbach, Felicia and Araujo, Theo and Strycharz, Joanna and Raats, Tamara and De Klerk, Lisa and Jonkman, Jeroen GF},
  booktitle={2018 IEEE 14th International Conference on e-Science (e-Science)},
  pages={329--330},
  year={2018},
  organization={IEEE}
}

@article{vanatteveldt2014,
  title={Inhoudsanalyse met AmCAT},
  author={Van Atteveldt, Wouter and Ruigrok, Nel and Takens, Janet and Jacobi, Carina},
  journal={Geraadpleegd via http://vanatteveldt. com/wp-content/uploads/amcatbook. pdf},
  year={2014}
}

@article{boukes2017,
  title={A general pattern in the construction of economic newsworthiness? Analyzing news factors in popular, quality, regional, and financial newspapers},
  author={Boukes, Mark and Vliegenthart, Rens},
  journal={Journalism},
  pages={1464884917725989},
  year={2017},
  publisher={SAGE Publications Sage UK: London, England}
}

@article{lexicoder,
  title={Lexicoder sentiment dictionary},
  author={Young, Lori and Soroka, Stuart},
  journal={McGill University, Montreal, Canada},
  year={2012}
}

@article{loughran2011,
  title={When is a liability not a liability? Textual analysis, dictionaries, and 10-Ks},
  author={Loughran, Tim and McDonald, Bill},
  journal={The Journal of Finance},
  volume={66},
  number={1},
  pages={35--65},
  year={2011},
  publisher={Wiley Online Library},
  doi={10.1111/j.1540-6261.2010.01625.x}
}

@inproceedings{liu2005,
  title={Opinion observer: analyzing and comparing opinions on the web},
  author={Liu, Bing and Hu, Minqing and Cheng, Junsheng},
  booktitle={Proceedings of the 14th international conference on World Wide Web},
  pages={342--351},
  year={2005},
  organization={ACM},
  doi={10.1145/1060745.1060797}
}

@inproceedings{hu2004,
  title={Mining and summarizing customer reviews},
  author={Hu, Minqing and Liu, Bing},
  booktitle={Proceedings of the tenth ACM SIGKDD international conference on Knowledge discovery and data mining},
  pages={168--177},
  year={2004},
  organization={ACM},
  doi={10.1145/1014052.1014073}
}

@techreport{afinn,
  title={Affective norms for English words (ANEW): Instruction manual and affective ratings},
  author={Bradley, Margaret M and Lang, Peter J},
  year={1999},
  institution={Technical report C-1, the center for research in psychophysiology}
}



@article{anew,
  title={The Python language reference},
  author={Van Rossum, Guido and Drake Jr, Fred L},
  journal={Python software foundation},
  year={2014}
}

@article{pattern,
  author  = {Tom De Smedt and Walter Daelemans},
  title   = {Pattern for Python},
  journal = {Journal of Machine Learning Research},
  year    = {2012},
  volume  = {13},
  number  = {66},
  pages   = {2063-2067},
  url     = {http://jmlr.org/papers/v13/desmedt12a.html}
}

@article{polyglot,
  title={Polyglot semantic parsing in APIs},
  author={Richardson, Kyle and Berant, Jonathan and Kuhn, Jonas},
  journal={arXiv preprint arXiv:1803.06966},
  year={2018}
}

@article{mohammad2013,
  title={Nrc emotion lexicon},
  author={Mohammad, Saif M and Turney, Peter D},
  journal={National Research Council, Canada},
  year={2013}
}

@article{damstra2018,
  title={The economy, the news, and the public: A longitudinal study of the impact of economic news on economic evaluations and expectations},
  author={Damstra, Alyt and Boukes, Mark},
  journal={Communication Research},
  pages={1--25},
  year={2018},
  publisher={SAGE Publications Sage CA: Los Angeles, CA},
  doi={10.1177\%2F0093650217750971}
}

@article{devries2018,
  title={No longer lost in translation: Evidence that Google Translate works for comparative bag-of-words text applications},
  author={De Vries, Erik and Schoonvelde, Martijn and Schumacher, Gijs},
  journal={Political Analysis},
  volume={26},
  number={4},
  pages={417--430},
  year={2018},
  publisher={Cambridge University Press},
  doi={10.1017/pan.2018.26}
}

@article{wueest11,
  title={Electoral campaigns and relation mining: Extracting semantic network data from newspaper articles},
  author={Wueest, Bruno and Clematide, Simon and B{\"u}nzli, Alexandra and Laupper, Daniel and Frey, Timotheos},
  journal={Journal of Information Technology \& Politics},
  volume={8},
  number={4},
  pages={444--463},
  year={2011},
  publisher={Taylor \& Francis}
}

@article{palmer10,
  title={Semantic role labeling},
  author={Palmer, Martha and Gildea, Daniel and Xue, Nianwen},
  journal={Synthesis Lectures on Human Language Technologies},
  volume={3},
  number={1},
  pages={1--103},
  year={2010},
  publisher={Morgan \& Claypool Publishers}
}

@inproceedings{carreras05,
  title={Introduction to the CoNLL-2005 shared task: Semantic role labeling},
  author={Carreras, Xavier and M{\`a}rquez, Llu{\'\i}s},
  booktitle={Proceedings of the ninth conference on computational natural language learning},
  pages={152--164},
  year={2005},
  organization={Association for Computational Linguistics}
}

@book{mitkov14,
  title={Anaphora resolution},
  author={Mitkov, Ruslan},
  year={2014},
  publisher={Routledge}
}

@inproceedings{pradhan11,
  title={Conll-2011 shared task: Modeling unrestricted coreference in ontonotes},
  author={Pradhan, Sameer and Ramshaw, Lance and Marcus, Mitchell and Palmer, Martha and Weischedel, Ralph and Xue, Nianwen},
  booktitle={Proceedings of the Fifteenth Conference on Computational Natural Language Learning: Shared Task},
  pages={1--27},
  year={2011},
  organization={Association for Computational Linguistics}
}

@book{ruppenhofer16,
  title={FrameNet II: Extended theory and practice},
  author={Ruppenhofer, Josef and Ellsworth, Michael and Petruck, Miriam RL and Johnson, Christopher R and Scheffczyk, Jan},
  year={2016},
  publisher={Institut f{\"u}r Deutsche Sprache, Bibliothek}
}

@article{helbling11,
  title={Measuring party positions and issue salience from media coverage: Discussing and cross-validating new indicators},
  author={Helbling, Marc and Tresch, Anke},
  journal={Electoral Studies},
  volume={30},
  number={1},
  pages={174--183},
  year={2011},
  publisher={Elsevier}
}

@misc{lowe13unified,
  title = "Putting it all on the line: Some unified theory for text scaling",
  author="Will Lowe",
  year="2013",
  howpublished="Presented at the American Political Science Association meeting, Chicago"
}

@article{laver14,
  title={Measuring policy positions in political space},
  author={Laver, Michael},
  journal={Annual Review of Political Science},
  volume={17},
  pages={207--223},
  year={2014},
  publisher={Annual Reviews}
}

@article{bakker15,
  title={Measuring party positions in Europe: The Chapel Hill expert survey trend file, 1999--2010},
  author={Bakker, Ryan and De Vries, Catherine and Edwards, Erica and Hooghe, Liesbet and Jolly, Seth and Marks, Gary and Polk, Jonathan and Rovny, Jan and Steenbergen, Marco and Vachudova, Milada Anna},
  journal={Party Politics},
  volume={21},
  number={1},
  pages={143--152},
  year={2015},
  publisher={SAGE Publications Sage UK: London, England}
}
@book{klingemann06,
  title={Mapping policy preferences II: estimates for parties, electors, and governments in Eastern Europe, European Union, and OECD 1990-2003},
  author={Klingemann, Hans-Dieter and Volkens, Andrea and McDonald, Michael D and Budge, Ian and Bara, Judith},
  volume={2},
  year={2006},
  publisher={Oxford University Press on Demand}
}

@book{budge01,
  title={Mapping policy preferences: estimates for parties, electors, and governments, 1945-1998},
  author={Budge, Ian and Klingemann, Hans-Dieter and others},
  volume={1},
  year={2001},
  publisher={Oxford University Press on Demand}
}

@article{cuilenburg86,
  title={A theory of evaluative discourse: Towards a graph theory of journalistic texts},
  author={Van Cuilenburg, Jan J and Kleinnijenhuis, Jan and De Ridder, Jan A},
  journal={European Journal of Communication},
  volume={1},
  number={1},
  pages={65--96},
  year={1986},
  publisher={Sage Publications}
}

@article{osgood56,
  title={Evaluative assertion analysis},
  author={Osgood, Charles E and Saporta, Sol and Nunnally, Jum C},
  journal={Litera},
  number={3},
  pages={47--102},
  year={1956}
}

@article{wiebe04,
  author = "Janyce Wiebe and Theresa Wilson and Rebecca F. Bruce and Matthew Bell and Melanie Martin",
  title = "Learning subjective language",
  year = "2004",
  journal = "Computational Linguistics",
  volume = "30(3)",
  pages = "277--308",
  doi="10.1162/0891201041850885"
}

@article{mantyla18,
  title={The evolution of sentiment analysis—A review of research topics, venues, and top cited papers},
  author={M{\"a}ntyl{\"a}, Mika V and Graziotin, Daniel and Kuutila, Miikka},
  journal={Computer Science Review},
  volume={27},
  pages={16--32},
  year={2018},
  publisher={Elsevier}
}


@article{dolezal14,
  title={How parties compete for votes: A test of saliency theory},
  author={Dolezal, Martin and Ennser-Jedenastik, Laurenz and M{\"u}ller, Wolfgang C and Winkler, Anna Katharina},
  journal={European Journal of Political Research},
  volume={53},
  number={1},
  pages={57--76},
  year={2014},
  publisher={Wiley Online Library}
}

@book{michalski13,
  title={Machine learning: An artificial intelligence approach},
  author={Michalski, Ryszard S and Carbonell, Jaime G and Mitchell, Tom M},
  year={2013},
  publisher={Springer Science \& Business Media}
}

@article{Caryl2018,
author = {Caryl, Christian},
journal = {The Washington Post},
title = {{The world is awash in the politics of fear}},
url = {https://www.washingtonpost.com/news/ democracy-post/wp/2018/04/19/the-world- is-awash-in-the-politics-of-fear},
year = {2018}
}
@article{Freeman2018,
author = {Freeman, Joanne},
journal = {The Atlantic},
title = {{America Descends Into the Politics of Rage}},
url = {https://www.theatlantic.com/ideas/ archive/2018/10/trump-and-politics- anger/573556/},
year = {2018}
}
@article{Davies2018,
author = {Davies, William},
isbn = {9781787330108},
journal = {The Guardian},
title = {{How feelings took over the world}},
url = {https://www.theguardian.com/books/ 2018/sep/08/high-anxiety-how- feelings-took-over-the-world},
year = {2018}
}
@article{schoonvelde2019friends,
  title={Friends with text as data benefits: Assessing and extending the use of automated text analysis in political science and political psychology},
  author={Schoonvelde, Martijn and Schumacher, Gijs and Bakker, Bert N},
  journal={Journal of Social and Political Psychology},
  volume={7},
  number={1},
  pages={124--143},
  year={2019}
}
@article{Rhodes2019,
author = {Rhodes, Jesse H. and Vayo, Amber B.},
doi = {10.1111/psq.12512},
issn = {17415705},
journal = {Presidential Studies Quarterly},
keywords = {affective partisanship,partisan polarization,presidential campaigns,presidential rhetoric},
month = {jan},
publisher = {John Wiley {\&} Sons, Ltd (10.1111)},
title = {{The Historical Presidency: Fear and Loathing in Presidential Candidate Rhetoric, 1952-2016}},
year = {2019}
}
@article{Rheault2016,
author = {Rheault, Ludovic and Beelen, Kaspar and Cochrane, Christopher and Hirst, Graeme},
doi = {10.1371/journal.pone.0168843},
isbn = {1111111111},
issn = {19326203},
journal = {PLoS ONE},
number = {12},
title = {{Measuring emotion in parliamentary debates with automated textual analysis}},
url = {https://github.com/lrheault/emotion},
volume = {11},
year = {2016}
}
@article{Kosmidis2018,
author = {Kosmidis, Spyros and Hobolt, Sara B. and Molloy, Eamonn and Whitefield, Stephen},
issn = {15523829},
journal = {Comparative Political Studies},
keywords = {manifestos,party competition,polarization,policy pledges,positive affect,rhetoric,speeches,valence},
number = {6},
pages = {811--837},
title = {{Party Competition and Emotive Rhetoric}},
volume = {52},
year = {2019},
doi={10.1177\%2F0010414018797942}
}

@article{Ridout2011,
author = {Ridout, Travis N. and Searles, Kathleen},
doi = {10.1111/j.1467-9221.2010.00819.x},
issn = {0162895X},
journal = {Political Psychology},
keywords = {Affective Intelligence,Campaigns,Emotions,Political Advertising},
month = {jun},
number = {3},
pages = {439--458},
publisher = {John Wiley {\&} Sons, Ltd (10.1111)},
title = {{It's My Campaign I'll Cry if I Want to: How and When Campaigns Use Emotional Appeals}},
volume = {32},
year = {2011}
}
@article{Searles2019,
author = {Searles, Kathleen and Banda, Kevin K},
doi = {10.1177/1464884919845459},
issn = {17413001},
journal = {Journalism},
keywords = {Election 2016,gatekeeping,horse race,political communication,presidential campaigns,scandal,television news},
month = {may},
pages = {146488491984545},
title = {{But her emails! How journalistic preferences shaped election coverage in 2016}},
url = {http://journals.sagepub.com/doi/10.1177/1464884919845459},
year = {2019}
}
@article{Nai2019,
author = {Nai, Alessandro and {Mart{\'{i}}nez i Coma}, Ferran},
doi = {10.17645/pag.v7i2.1940},
issn = {2183-2463},
journal = {Politics and Governance},
keywords = {Switzerland,advertisement timing,anxiety,competitive standing,direct democracy,negative campaigning,polls,strategic behaviour},
month = {jun},
number = {2},
pages = {278},
title = {{Losing in the Polls, Time Pressure, and the Decision to Go Negative in Referendum Campaigns}},
volume = {7},
year = {2019}
}
@article{haselmayer2019negative,
  title={Negative campaigning and its consequences: a review and a look ahead},
  author={Haselmayer, Martin},
  journal={French Politics},
  pages={1--18},
  year={2019},
  publisher={Springer},
  doi={10.1057/s41253-019-00084-8}
}
@article{benoit2017quanteda,
  title={quanteda: Quantitative analysis of textual data},
  author={Benoit, Kenneth and Nulty, Paul},
  journal={R package version 0.99},
  volume={9},
  doi = {10.21105/joss.00774},
  year={2017}
}
@incollection{vanatteveldt2019studying,
  title={Studying Political Decision-Making With Automatic Text Analysis},
  author={{Van Atteveldt}, Wouter and Welbers, Kasper and Van der Velden, Mariken A. C. G.},
  booktitle={Oxford Research Encyclopedia of Politics},
  year={2019},
  doi={10.1093/acrefore/9780190228637.013.957}
}

@article{lengauer2012negativity,
  title={Negativity in political news: A review of concepts, operationalizations and key findings},
  author={Lengauer, G{\"u}nther and Esser, Frank and Berganza, Rosa},
  journal={Journalism},
  volume={13},
  number={2},
  pages={179--202},
  year={2012},
  publisher={Sage Publications Sage UK: London, England},
  doi={h10.1177\%2F1464884911427800}
}

@article{kleinnijenhuis2008negativity,
  title={Negativity},
  author={Kleinnijenhuis, Jan},
  journal={The international encyclopedia of communication},
  year={2008},
  publisher={Wiley Online Library},
  doi={10.1002/9781405186407.wbiecn005}
}

@article{haselmayer2017sentiment,
  title={Sentiment analysis of political communication: combining a dictionary approach with crowdcoding},
  author={Haselmayer, Martin and Jenny, Marcelo},
  journal={Quality \& quantity},
  volume={51},
  number={6},
  pages={2623--2646},
  year={2017},
  publisher={Springer},
  doi={10.1007/s11135-016-0412-4}
}
@article{wojcieszak2016saw,
  title={I saw you in the news: Mediated and direct intergroup contact improve outgroup attitudes},
  author={Wojcieszak, Magdalena and Azrout, Rachid},
  journal={Journal of Communication},
  volume={66},
  number={6},
  pages={1032--1060},
  year={2016},
  publisher={Oxford University Press},
  doi={10.1111/jcom.12266}
}

@article{kim2015attracting,
  title={Attracting views and going viral: How message features and news-sharing channels affect health news diffusion},
  author={Kim, Hyun Suk},
  journal={Journal of Communication},
  volume={65},
  number={3},
  pages={512--534},
  year={2015},
  publisher={Oxford University Press},
  doi={10.1111/jcom.12160}
}

@article{thelwall2012sentiment,
  title={Sentiment strength detection for the social web},
  author={Thelwall, Mike and Buckley, Kevan and Paltoglou, Georgios},
  journal={Journal of the American Society for Information Science and Technology},
  volume={63},
  number={1},
  pages={163--173},
  year={2012},
  publisher={Wiley Online Library},
  doi={10.1002/asi.21662}
}

@article{vargo2014network,
  title={Network issue agendas on Twitter during the 2012 US presidential election},
  author={Vargo, Chris J and Guo, Lei and McCombs, Maxwell and Shaw, Donald L},
  journal={Journal of Communication},
  volume={64},
  number={2},
  pages={296--316},
  year={2014},
  publisher={Oxford University Press},
  doi={10.1111/jcom.12089}
}

@article{murthy2015we,
  title={Do we tweet differently from our mobile devices? A study of language differences on mobile and web-based Twitter platforms},
  author={Murthy, Dhiraj and Bowman, Sawyer and Gross, Alexander J and McGarry, Marisa},
  journal={Journal of Communication},
  volume={65},
  number={5},
  pages={816--837},
  year={2015},
  publisher={Oxford University Press}
}

@article{martins2013content,
  title={A content analysis of print news coverage of media violence and aggression research},
  author={Martins, Nicole and Weaver, Andrew J and Yeshua-Katz, Daphna and Lewis, Nicole H and Tyree, Nancy E and Jensen, Jakob D},
  journal={Journal of Communication},
  volume={63},
  number={6},
  pages={1070--1087},
  year={2013},
  publisher={Oxford University Press},
  doi={10.1111/jcom.12052}
}

@article{shin2017partisan,
  title={Partisan selective sharing: The biased diffusion of fact-checking messages on social media},
  author={Shin, Jieun and Thorson, Kjerstin},
  journal={Journal of Communication},
  volume={67},
  number={2},
  pages={233--255},
  year={2017},
  publisher={Oxford University Press},
  doi={10.1111/jcom.12284}
}

@article{parks2014big,
  title={Big data in communication research: Its contents and discontents},
  author={Parks, Malcolm R},
  journal={Journal of Communication},
  volume={64},
  number={2},
  pages={355--360},
  year={2014},
  publisher={Oxford University Press}
}

@article{hassid2012safety,
  title={Safety valve or pressure cooker? Blogs in Chinese political life},
  author={Hassid, Jonathan},
  journal={Journal of Communication},
  volume={62},
  number={2},
  pages={212--230},
  year={2012},
  publisher={Oxford University Press}
}

@article{park2014cross,
  title={Cross-cultural comparison of nonverbal cues in emoticons on twitter: Evidence from big data analysis},
  author={Park, Jaram and Baek, Young Min and Cha, Meeyoung},
  journal={Journal of communication},
  volume={64},
  number={2},
  pages={333--354},
  year={2014},
  publisher={Oxford University Press}
}

@article{kleinnijenhuis2019combined,
  title={The Combined Effects of Mass Media and Social Media on Political Perceptions and Preferences},
  author={Kleinnijenhuis, Jan and {Van Hoof}, Anita MJ and {Van Atteveldt}, Wouter},
  journal={Journal of Communication},
  volume={69},
  number={6},
  pages={650--673},
  year={2019},
  publisher={Oxford University Press},
  doi={10.1093/joc/jqz038}
}

@article{cho2013campaign,
  title={Campaign tone, political affect, and communicative engagement},
  author={Cho, Jaeho},
  journal={Journal of Communication},
  volume={63},
  number={6},
  pages={1130--1152},
  year={2013},
  publisher={Oxford University Press},
  doi={10.1111/jcom.12064}
}

@article{aday2010chasing,
  title={Chasing the bad news: An analysis of 2005 Iraq and Afghanistan war coverage on NBC and Fox News Channel},
  author={Aday, Sean},
  journal={Journal of communication},
  volume={60},
  number={1},
  pages={144--164},
  year={2010},
  doi = {10.1111/j.1460-2466.2009.01472.x},
  publisher={Oxford University Press}
}

@article{shah2007campaign,
  title={Campaign ads, online messaging, and participation: Extending the communication mediation model},
  author={Shah, Dhavan V and Cho, Jaeho and Nah, Seungahn and Gotlieb, Melissa R and Hwang, Hyunseo and Lee, Nam-Jin and Scholl, Rosanne M and McLeod, Douglas M},
  journal={Journal of communication},
  volume={57},
  number={4},
  pages={676--703},
  year={2007},
  publisher={Oxford University Press},
  doi={10.1111/j.1460-2466.2007.00363.x}
}

@article{kleinnijenhuis2007test,
  title={A test of rivaling approaches to explain news effects: News on issue positions of parties, real-world developments, support and criticism, and success and failure},
  author={Kleinnijenhuis, Jan and Van Hoof, Anita MJ and Oegema, Dirk and De Ridder, Jan A},
  journal={Journal of Communication},
  volume={57},
  number={2},
  pages={366--384},
  year={2007},
  publisher={Oxford University Press},
  doi={10.1111/j.1460-2466.2007.00347.x}
}

@article{nagel2012there,
  title={Is there a visual dominance in political communication? How verbal, visual, and vocal communication shape viewers' impressions of political candidates},
  author={Nagel, Friederike and Maurer, Marcus and Reinemann, Carsten},
  journal={Journal of Communication},
  volume={62},
  number={5},
  pages={833--850},
  year={2012},
  publisher={Oxford University Press},
  doi={10.1111/j.1460-2466.2012.01670.x}
}

@article{elenbaas2008effects,
  title={The effects of strategic news on political cynicism and vote choice among young voters},
  author={Elenbaas, Matthijs and De Vreese, Claes H},
  journal={Journal of Communication},
  volume={58},
  number={3},
  pages={550--567},
  year={2008},
  publisher={Oxford University Press},
  doi={10.1111/j.1460-2466.2008.00399.x}
}

@article{hopmann2011incumbency,
  title={Incumbency bonus in election news coverage explained: The logics of political power and the media market},
  author={Hopmann, David Nicolas and de Vreese, Claes H and Alb{\ae}k, Erik},
  journal={Journal of Communication},
  volume={61},
  number={2},
  pages={264--282},
  year={2011},
  publisher={Oxford University Press},
  doi={10.1111/j.1460-2466.2011.01540.x}
}

@article{dunaway2015objectivity,
  title={Objectivity and information bias in campaign news},
  author={Dunaway, Johanna L and Davis, Nicholas T and Padgett, Jeremy and Scholl, Rosanne M},
  journal={Journal of Communication},
  volume={65},
  number={5},
  pages={770--792},
  year={2015},
  publisher={Oxford University Press},
  doi={10.1111/jcom.12172}
}

@article{connaughton2004invitations,
  title={Invitations for partisan identification: Attempts to court Latino voters through televised Latino-oriented political advertisements, 1984--2000},
  author={Connaughton, Stacey L and Jarvis, Sharon E},
  journal={Journal of Communication},
  volume={54},
  number={1},
  pages={38--54},
  year={2004},
  publisher={Oxford University Press},
  doi={10.1111/j.1460-2466.2004.tb02612.x}
}

@article{valenzuela2017behavioral,
  title={Behavioral effects of framing on social media users: How conflict, economic, human interest, and morality frames drive news sharing},
  author={Valenzuela, Sebasti{\'a}n and Pi{\~n}a, Martina and Ram{\'\i}rez, Josefina},
  journal={Journal of Communication},
  volume={67},
  number={5},
  pages={803--826},
  year={2017},
  publisher={Oxford University Press},
  doi={10.1111/jcom.12325}
}

@article{matthes2008content,
  title={The content analysis of media frames: Toward improving reliability and validity},
  author={Matthes, J{\"o}rg and Kohring, Matthias},
  journal={Journal of communication},
  volume={58},
  number={2},
  pages={258--279},
  year={2008},
  publisher={Oxford University Press},
  doi={10.1111/j.1460-2466.2008.00384.x}
}

@article{natarajan2003asian,
  title={An Asian voice? A comparative study of Channel News Asia and CNN},
  author={Natarajan, Kalai and Xiaoming, Hao},
  journal={Journal of Communication},
  volume={53},
  number={2},
  pages={300--314},
  year={2003},
  publisher={Oxford University Press},
  doi={10.1111/j.1460-2466.2003.tb02592.x}
}

@article{muddiman2017news,
  title={News values, cognitive biases, and partisan incivility in comment sections},
  author={Muddiman, Ashley and Stroud, Natalie Jomini},
  journal={Journal of communication},
  volume={67},
  number={4},
  pages={586--609},
  year={2017},
  publisher={Oxford University Press},
  doi={10.1111/jcom.12312}
}

@article{rodgers2003socialization,
  title={A socialization perspective on male and female reporting},
  author={Rodgers, Shelly and Thorson, Esther},
  journal={Journal of Communication},
  volume={53},
  number={4},
  pages={658--675},
  year={2003},
  publisher={Oxford University Press}
}

@article{jonkman2020buffering,
  title={Buffering Negative News: Individual-level Effects of Company Visibility, Tone, and Pre-existing Attitudes on Corporate Reputation},
  author={Jonkman, Jeroen GF and Boukes, Mark and Vliegenthart, Rens and Verhoeven, Piet},
  journal={Mass Communication and Society},
  volume={23},
  number={2},
  pages={272--296},
  year={2020},
  publisher={Taylor \& Francis},
  doi={10.1080/15205436.2019.1694155}
}


@article{domke1999politics,
  title={The politics of conservative elites and the “liberal media” argument},
  author={Domke, David and Watts, Mark D and Shah, Dhavan V and Fan, David P},
  journal={Journal of Communication},
  volume={49},
  number={4},
  pages={35--58},
  year={1999},
  publisher={Oxford University Press},
  doi={10.1111/j.1460-2466.1999.tb02816.x}
}

@article{meijer2006issue,
  title={Issue news and corporate reputation: Applying the theories of agenda setting and issue ownership in the field of business communication},
  author={Meijer, May-May and Kleinnijenhuis, Jan},
  journal={Journal of Communication},
  volume={56},
  number={3},
  pages={543--559},
  year={2006},
  publisher={Oxford University Press},
  doi={10.1111/j.1460-2466.2006.00300.x}
}

@article{mccombes2000setting,
  title={Setting the agenda of attributes in the 1996 Spanish general election},
  author={McCombes, Maxwell and Lopez-Escobar, Esteban and Llamas, Juan Pablo},
  journal={Journal of communication},
  volume={50},
  number={2},
  pages={77--92},
  year={2000},
  publisher={Oxford University Press},
  doi={10.1111/j.1460-2466.2000.tb02842.x}
}
@article{wilkerson2017large,
  title={Large-scale computerized text analysis in political science: Opportunities and challenges},
  author={Wilkerson, John and Casas, Andreu},
  journal={Annual Review of Political Science},
  volume={20},
  pages={529--544},
  year={2017},
  publisher={Annual Reviews},
  doi={10.1146/annurev-polisci-052615-025542}
}
@article{balke2014agents,
  title={How do agents make decisions? A survey},
  author={Balke, Tina and Gilbert, Nigel},
  journal={Journal of Artificial Societies and Social Simulation},
  volume={17},
  number={4},
  pages={13},
  year={2014}
}
@article{lind2017content,
  title={Content analysis by the crowd: Assessing the usability of crowdsourcing for coding latent constructs},
  author={Lind, Fabienne and Gruber, Maria and Boomgaarden, Hajo G},
  journal={Communication methods and measures},
  volume={11},
  number={3},
  pages={191--209},
  year={2017},
  publisher={Taylor \& Francis},
  doi={10.1080/19312458.2017.1317338}
}


@article{sklearn,
 title={Scikit-learn: Machine Learning in {P}ython},
 author={Pedregosa, F. and Varoquaux, G. and Gramfort, A. and Michel, V.
         and Thirion, B. and Grisel, O. and Blondel, M. and Prettenhofer, P.
         and Weiss, R. and Dubourg, V. and Vanderplas, J. and Passos, A. and
         Cournapeau, D. and Brucher, M. and Perrot, M. and Duchesnay, E.},
 journal={Journal of Machine Learning Research},
 volume={12},
 pages={2825--2830},
 year={2011}
}

@incollection{frog,
 author = {Van den Bosch, A. and Busser, G.J. and Daelemans, W. and Canisius, S.},
  year = {2007},
  title = {An efficient memory-based morphosyntactic tagger and parser for {Dutch}}, 
  editor = "F. van Eynde and  P. Dirix and I. Schuurman and V. Vandeghinste",
  booktitle = "Selected Papers of the 17th Computational Linguistics in the Netherlands Meeting, Leuven, Belgium",
  pages = "99--114 "
  }
  
@phdthesis{amsler20,
  author = "Michael Amsler",
  title="Using Lexical-semantic Concepts for Fine-grained Classification in the Embedding Space",
  year="2020",
  school= {University of Zurich}
}

@inproceedings{tensorflow,
title	= {TensorFlow: A system for large-scale machine learning},
author	= {Martin Abadi and Paul Barham and Jianmin Chen and Zhifeng Chen and Andy Davis and Jeffrey Dean and Matthieu Devin and Sanjay Ghemawat and Geoffrey Irving and Michael Isard and Manjunath Kudlur and Josh Levenberg and Rajat Monga and Sherry Moore and Derek G. Murray and Benoit Steiner and Paul Tucker and Vijay Vasudevan and Pete Warden and Martin Wicke and Yuan Yu and Xiaoqiang Zheng},
year	= {2016},
URL	= {https://www.usenix.org/system/files/conference/osdi16/osdi16-abadi.pdf},
booktitle	= {12th USENIX Symposium on Operating Systems Design and Implementation (OSDI 16)},
pages	= {265--283}
}

@inproceedings{aem,
title="The {Amsterdam Word Embedding Model}",
booktitle="Proceedings of the 69th Annual Conference of the {International Communication Assocatiation} ({ICA})",
year="2019",
author = {Kroon, Anne C. and Fokkens, Antske and Trilling, Damian and Loecherbach, Felicia and Moeller, Judith and {Van der Velden}, Mariken A. C. G. and {Van Atteveldt}, Wouter}
}


@inproceedings{semeval,
    title = "{S}em{E}val-2017 Task 4: Sentiment Analysis in Twitter",
    author = "Rosenthal, Sara  and
      Farra, Noura  and
      Nakov, Preslav",
    booktitle = "Proceedings of the 11th International Workshop on Semantic Evaluation ({S}em{E}val-2017)",
    month = aug,
    year = "2017",
    address = "Vancouver, Canada",
    publisher = "Association for Computational Linguistics",
    url = "https://www.aclweb.org/anthology/S17-2088",
    doi = "10.18653/v1/S17-2088",
    pages = "502--518",
    abstract = "This paper describes the fifth year of the Sentiment Analysis in Twitter task. SemEval-2017 Task 4 continues with a rerun of the subtasks of SemEval-2016 Task 4, which include identifying the overall sentiment of the tweet, sentiment towards a topic with classification on a two-point and on a five-point ordinal scale, and quantification of the distribution of sentiment towards a topic across a number of tweets: again on a two-point and on a five-point ordinal scale. Compared to 2016, we made two changes: (i) we introduced a new language, Arabic, for all subtasks, and (ii) we made available information from the profiles of the Twitter users who posted the target tweets. The task continues to be very popular, with a total of 48 teams participating this year.",
}

@incollection{mikolov13distributed,
title = {Distributed Representations of Words and Phrases and their Compositionality},
author = {Mikolov, Tomas and Sutskever, Ilya and Chen, Kai and Corrado, Greg S and Dean, Jeff},
booktitle = {Advances in Neural Information Processing Systems 26},
editor = {C. J. C. Burges and L. Bottou and M. Welling and Z. Ghahramani and K. Q. Weinberger},
pages = {3111--3119},
year = {2013},
publisher = {Curran Associates, Inc.},
url = {http://papers.nips.cc/paper/5021-distributed-representations-of-words-and-phrases-and-their-compositionality.pdf}
}

@article{rudkowsky2018more,
  title={More than bags of words: Sentiment analysis with word embeddings},
  author={Rudkowsky, Elena and Haselmayer, Martin and Wastian, Matthias and Jenny, Marcelo and Emrich, {\v{S}}tefan and Sedlmair, Michael},
  journal={Communication Methods and Measures},
  volume={12},
  number={2-3},
  pages={140--157},
  year={2018},
  publisher={Taylor \& Francis},
  doi={10.1080/19312458.2018.1455817}
}
@article{margolin2019computational,
  title={Computational Contributions: A Symbiotic Approach to Integrating Big, Observational Data Studies into the Communication Field},
  author={Margolin, Drew B},
  journal={Communication Methods and Measures},
  volume={13},
  number={4},
  pages={229--247},
  year={2019},
  publisher={Taylor \& Francis},
  doi={10.1080/19312458.2019.1639144}
}


@article{atteveldt2018cmm,
  title={When communication meets computation: Opportunities, challenges, and pitfalls in computational communication science},
  author={van Atteveldt, Wouter and Peng, Tai-Quan},
  journal={Communication Methods and Measures},
  volume={12},
  number={2-3},
  pages={81--92},
  year={2018},
  publisher={Taylor \& Francis},
  doi={10.1080/19312458.2018.1458084}
}
@article{hilbert2019computational,
  title={Computational Communication Science| Computational Communication Science: A Methodological Catalyzer for a Maturing Discipline},
  author={Hilbert, Martin and Barnett, George and Blumenstock, Joshua and Contractor, Noshir and Diesner, Jana and Frey, Seth and Gonz{\'a}lez-Bail{\'o}n, Sandra and Lamberson, PJ and Pan, Jennifer and Peng, Tai-Quan and others},
  journal={International Journal of Communication},
  volume={13},
  pages={23},
  year={2019},
  url = {https://ijoc.org/index.php/ijoc/article/view/10675}
}

@article{hopkins2010method,
  title={A method of automated nonparametric content analysis for social science},
  author={Hopkins, Daniel J and King, Gary},
  journal={American Journal of Political Science},
  volume={54},
  number={1},
  pages={229--247},
  year={2010},
  publisher={Wiley Online Library},
  doi={10.1111/j.1540-5907.2009.00428.x}
}

@article{nunez2016automated,
  title={Automated content analysis: addressing the big literature challenge in ecology and evolution},
  author={Nunez-Mir, Gabriela C and Iannone III, Basil V and Pijanowski, Bryan C and Kong, Ningning and Fei, Songlin},
  journal={Methods in Ecology and Evolution},
  volume={7},
  number={11},
  pages={1262--1272},
  year={2016},
  publisher={Wiley Online Library},
  doi={10.1111/2041-210X.1260}
}

@article{pilny2019using,
  title={Using Supervised Machine Learning in Automated Content Analysis: An Example Using Relational Uncertainty},
  author={Pilny, Andrew and McAninch, Kelly and Slone, Amanda and Moore, Kelsey},
  journal={Communication Methods and Measures},
  volume={13},
  number={4},
  pages={287--304},
  year={2019},
  publisher={Taylor \& Francis},
  doi={10.1080/19312458.2019.1650166}
}

@article{sebastiani2002machine,
  title={Machine learning in automated text categorization},
  author={Sebastiani, Fabrizio},
  journal={ACM computing surveys (CSUR)},
  volume={34},
  number={1},
  pages={1--47},
  year={2002},
  publisher={ACM New York, NY, USA},
  doi={10.1145/505282.505283}
}





@article{tankard01,
  title={The empirical approach to the study of media framing},
  author={Tankard, James W and others},
  journal={Framing public life: Perspectives on media and our understanding of the social world},
  pages={95--106},
  year={2001}
}


@article{liu19,
author = {Liu, Jiawei and Lee, ByungGu and McLeod, Douglas M. and Choung, Hyesun},
title = {Effects of Frame Repetition Through Cues in the Online Environment},
journal = {Mass Communication and Society},
volume = {22},
number = {4},
pages = {447-465},
year  = {2019},
publisher = {Routledge},
doi = {10.1080/15205436.2018.1560475}
}

@article{ng20,
  title={The human alarm system for sensational news, online news headlines, and associated generic digital footprints: A uses and gratifications approach},
  author={Ng, Yu-Leung and Zhao, Xinshu},
  journal={Communication Research},
  volume={47},
  number={2},
  pages={251--275},
  year={2020},
  publisher={SAGE Publications Sage CA: Los Angeles, CA},
  doi={10.1177/0093650218793739}
}


@article{narayan17,
  title={Are oil price news headlines statistically and economically significant for investors?},
  author={Narayan, Seema and Narayan, Paresh Kumar},
  journal={Journal of Behavioral Finance},
  volume={18},
  number={3},
  pages={258--270},
  year={2017},
  publisher={Taylor \& Francis},
  doi={10.1080/15427560.2017.1308942}
}

@article{munger20,
  title={The (null) effects of clickbait headlines on polarization, trust, and learning},
  author={Munger, Kevin and Luca, Mario and Nagler, Jonathan and Tucker, Joshua},
  journal={Public opinion quarterly},
  year={2020},
  volume = {84},
  issue={1},
  pages = {49--73},
  doi={10.1093/ijpor/7.1.2},
}


@article{blood95,
  title={Recession headline news, consumer sentiment, the state of the economy and presidential popularity: A time series analysis 1989--1993},
  author={Blood, Deborah J and Phillips, Peter CB},
  journal={International Journal of Public Opinion Research},
  volume={7},
  number={1},
  pages={2--22},
  year={1995},
  publisher={Oxford University Press},
  doi={10.1093/ijpor/7.1.2}
}

